<TICKER>;<PER>;<DATE>;<TIME>;<LAST>;<VOL>
SBRF-3.10;0;20100304;103000;8309.00000;1
SBRF-3.10;0;20100304;103000;8305.00000;5
SBRF-3.10;0;20100304;103000;8300.00000;1
SBRF-3.10;0;20100304;103000;8300.00000;2
SBRF-3.10;0;20100304;103000;8300.00000;8
SBRF-3.10;0;20100304;103000;8299.00000;1
SBRF-3.10;0;20100304;103000;8296.00000;70
SBRF-3.10;0;20100304;103000;8291.00000;1
SBRF-3.10;0;20100304;103000;8291.00000;10
SBRF-3.10;0;20100304;103000;8290.00000;7
SBRF-3.10;0;20100304;103000;8290.00000;8
SBRF-3.10;0;20100304;103000;8285.00000;1
SBRF-3.10;0;20100304;103000;8283.00000;5
SBRF-3.10;0;20100304;103000;8282.00000;2
SBRF-3.10;0;20100304;103000;8281.00000;10
SBRF-3.10;0;20100304;103000;8281.00000;10
SBRF-3.10;0;20100304;103000;8281.00000;5
SBRF-3.10;0;20100304;103000;8280.00000;2
SBRF-3.10;0;20100304;103000;8280.00000;1
SBRF-3.10;0;20100304;103000;8280.00000;1
SBRF-3.10;0;20100304;103000;8276.00000;3
SBRF-3.10;0;20100304;103000;8275.00000;1
SBRF-3.10;0;20100304;103000;8275.00000;1
SBRF-3.10;0;20100304;103000;8275.00000;2
SBRF-3.10;0;20100304;103000;8275.00000;8
SBRF-3.10;0;20100304;103000;8275.00000;15
SBRF-3.10;0;20100304;103000;8271.00000;10
SBRF-3.10;0;20100304;103000;8269.00000;1
SBRF-3.10;0;20100304;103000;8265.00000;1
SBRF-3.10;0;20100304;103000;8261.00000;1
SBRF-3.10;0;20100304;103000;8261.00000;1
SBRF-3.10;0;20100304;103000;8261.00000;10
SBRF-3.10;0;20100304;103000;8260.00000;1
SBRF-3.10;0;20100304;103000;8260.00000;1
SBRF-3.10;0;20100304;103000;8260.00000;6
SBRF-3.10;0;20100304;103000;8259.00000;1
SBRF-3.10;0;20100304;103000;8258.00000;1
SBRF-3.10;0;20100304;103000;8257.00000;1
SBRF-3.10;0;20100304;103000;8255.00000;1
SBRF-3.10;0;20100304;103000;8255.00000;1
SBRF-3.10;0;20100304;103000;8255.00000;5
SBRF-3.10;0;20100304;103000;8251.00000;2
SBRF-3.10;0;20100304;103000;8251.00000;4
SBRF-3.10;0;20100304;103000;8251.00000;10
SBRF-3.10;0;20100304;103000;8250.00000;2
SBRF-3.10;0;20100304;103000;8250.00000;1
SBRF-3.10;0;20100304;103000;8250.00000;8
SBRF-3.10;0;20100304;103000;8250.00000;15
SBRF-3.10;0;20100304;103000;8250.00000;5
SBRF-3.10;0;20100304;103000;8250.00000;1
SBRF-3.10;0;20100304;103000;8250.00000;2
SBRF-3.10;0;20100304;103000;8250.00000;20
SBRF-3.10;0;20100304;103000;8250.00000;10
SBRF-3.10;0;20100304;103000;8250.00000;4
SBRF-3.10;0;20100304;103000;8246.00000;5
SBRF-3.10;0;20100304;103000;8246.00000;1
SBRF-3.10;0;20100304;103000;8245.00000;1
SBRF-3.10;0;20100304;103000;8245.00000;2
SBRF-3.10;0;20100304;103000;8242.00000;50
SBRF-3.10;0;20100304;103000;8241.00000;1
SBRF-3.10;0;20100304;103000;8241.00000;10
SBRF-3.10;0;20100304;103000;8236.00000;1
SBRF-3.10;0;20100304;103000;8235.00000;1
SBRF-3.10;0;20100304;103000;8235.00000;2
SBRF-3.10;0;20100304;103000;8235.00000;1
SBRF-3.10;0;20100304;103000;8232.00000;5
SBRF-3.10;0;20100304;103000;8232.00000;1
SBRF-3.10;0;20100304;103000;8231.00000;10
SBRF-3.10;0;20100304;103000;8228.00000;5
SBRF-3.10;0;20100304;103000;8227.00000;1
SBRF-3.10;0;20100304;103000;8225.00000;1
SBRF-3.10;0;20100304;103000;8225.00000;2
SBRF-3.10;0;20100304;103000;8225.00000;2
SBRF-3.10;0;20100304;103000;8225.00000;1
SBRF-3.10;0;20100304;103000;8225.00000;8
SBRF-3.10;0;20100304;103000;8225.00000;15
SBRF-3.10;0;20100304;103000;8225.00000;2
SBRF-3.10;0;20100304;103000;8225.00000;1
SBRF-3.10;0;20100304;103000;8224.00000;25
SBRF-3.10;0;20100304;103000;8223.00000;2
SBRF-3.10;0;20100304;103000;8223.00000;1
SBRF-3.10;0;20100304;103000;8222.00000;4
SBRF-3.10;0;20100304;103000;8222.00000;13
SBRF-3.10;0;20100304;103002;8223.00000;20
SBRF-3.10;0;20100304;103002;8222.00000;20
SBRF-3.10;0;20100304;103002;8222.00000;1
SBRF-3.10;0;20100304;103002;8222.00000;3
SBRF-3.10;0;20100304;103002;8240.00000;1
SBRF-3.10;0;20100304;103002;8222.00000;3
SBRF-3.10;0;20100304;103002;8222.00000;1
SBRF-3.10;0;20100304;103002;8240.00000;1
SBRF-3.10;0;20100304;103002;8222.00000;3
SBRF-3.10;0;20100304;103002;8222.00000;1
SBRF-3.10;0;20100304;103003;8232.00000;7
SBRF-3.10;0;20100304;103003;8240.00000;4
SBRF-3.10;0;20100304;103003;8245.00000;5
SBRF-3.10;0;20100304;103003;8222.00000;2
SBRF-3.10;0;20100304;103003;8240.00000;2
SBRF-3.10;0;20100304;103004;8240.00000;4
SBRF-3.10;0;20100304;103004;8240.00000;2
SBRF-3.10;0;20100304;103004;8236.00000;2
SBRF-3.10;0;20100304;103004;8222.00000;4
SBRF-3.10;0;20100304;103004;8233.00000;1
SBRF-3.10;0;20100304;103004;8222.00000;4
SBRF-3.10;0;20100304;103004;8233.00000;2
SBRF-3.10;0;20100304;103004;8236.00000;3
SBRF-3.10;0;20100304;103004;8222.00000;2
SBRF-3.10;0;20100304;103005;8239.00000;7
SBRF-3.10;0;20100304;103005;8239.00000;28
SBRF-3.10;0;20100304;103005;8222.00000;10
SBRF-3.10;0;20100304;103005;8222.00000;2
SBRF-3.10;0;20100304;103005;8242.00000;4
SBRF-3.10;0;20100304;103005;8242.00000;10
SBRF-3.10;0;20100304;103005;8222.00000;2
SBRF-3.10;0;20100304;103005;8242.00000;1
SBRF-3.10;0;20100304;103005;8222.00000;8
SBRF-3.10;0;20100304;103005;8222.00000;6
SBRF-3.10;0;20100304;103006;8243.00000;15
SBRF-3.10;0;20100304;103006;8244.00000;5
SBRF-3.10;0;20100304;103006;8245.00000;1
SBRF-3.10;0;20100304;103006;8223.00000;2
SBRF-3.10;0;20100304;103006;8234.00000;2
SBRF-3.10;0;20100304;103006;8234.00000;18
SBRF-3.10;0;20100304;103006;8234.00000;4
SBRF-3.10;0;20100304;103006;8234.00000;16
SBRF-3.10;0;20100304;103006;8230.00000;2
SBRF-3.10;0;20100304;103007;8224.00000;8
SBRF-3.10;0;20100304;103007;8223.00000;28
SBRF-3.10;0;20100304;103007;8223.00000;4
SBRF-3.10;0;20100304;103007;8222.00000;6
SBRF-3.10;0;20100304;103007;8230.00000;10
SBRF-3.10;0;20100304;103007;8230.00000;5
SBRF-3.10;0;20100304;103007;8230.00000;3
SBRF-3.10;0;20100304;103007;8222.00000;10
SBRF-3.10;0;20100304;103007;8230.00000;1
SBRF-3.10;0;20100304;103008;8224.00000;3
SBRF-3.10;0;20100304;103008;8230.00000;1
SBRF-3.10;0;20100304;103008;8230.00000;1
SBRF-3.10;0;20100304;103008;8230.00000;8
SBRF-3.10;0;20100304;103008;8230.00000;8
SBRF-3.10;0;20100304;103008;8230.00000;5
SBRF-3.10;0;20100304;103008;8234.00000;8
SBRF-3.10;0;20100304;103008;8236.00000;15
SBRF-3.10;0;20100304;103008;8236.00000;5
SBRF-3.10;0;20100304;103008;8237.00000;12
SBRF-3.10;0;20100304;103008;8238.00000;75
SBRF-3.10;0;20100304;103008;8239.00000;4
SBRF-3.10;0;20100304;103008;8239.00000;10
SBRF-3.10;0;20100304;103008;8241.00000;170
SBRF-3.10;0;20100304;103008;8244.00000;5
SBRF-3.10;0;20100304;103008;8245.00000;1
SBRF-3.10;0;20100304;103008;8228.00000;40
SBRF-3.10;0;20100304;103008;8223.00000;8
SBRF-3.10;0;20100304;103008;8222.00000;54
SBRF-3.10;0;20100304;103008;8222.00000;2
SBRF-3.10;0;20100304;103008;8222.00000;3
SBRF-3.10;0;20100304;103008;8221.00000;7
SBRF-3.10;0;20100304;103008;8221.00000;103
SBRF-3.10;0;20100304;103008;8221.00000;1
SBRF-3.10;0;20100304;103008;8220.00000;5
SBRF-3.10;0;20100304;103008;8217.00000;20
SBRF-3.10;0;20100304;103008;8215.00000;1
SBRF-3.10;0;20100304;103008;8215.00000;2
SBRF-3.10;0;20100304;103008;8215.00000;2
SBRF-3.10;0;20100304;103008;8215.00000;1
SBRF-3.10;0;20100304;103008;8215.00000;5
SBRF-3.10;0;20100304;103008;8213.00000;1
SBRF-3.10;0;20100304;103008;8213.00000;10
SBRF-3.10;0;20100304;103008;8211.00000;15
SBRF-3.10;0;20100304;103008;8211.00000;20
SBRF-3.10;0;20100304;103008;8210.00000;25
SBRF-3.10;0;20100304;103008;8207.00000;1
SBRF-3.10;0;20100304;103008;8206.00000;200
SBRF-3.10;0;20100304;103008;8206.00000;124
SBRF-3.10;0;20100304;103008;8206.00000;46
SBRF-3.10;0;20100304;103008;8205.00000;1
SBRF-3.10;0;20100304;103008;8205.00000;2
SBRF-3.10;0;20100304;103008;8205.00000;1
SBRF-3.10;0;20100304;103008;8205.00000;3
SBRF-3.10;0;20100304;103008;8203.00000;1
SBRF-3.10;0;20100304;103008;8202.00000;1
SBRF-3.10;0;20100304;103008;8202.00000;45
SBRF-3.10;0;20100304;103009;8230.00000;1
SBRF-3.10;0;20100304;103009;8229.00000;1
SBRF-3.10;0;20100304;103009;8229.00000;1
SBRF-3.10;0;20100304;103009;8229.00000;4
SBRF-3.10;0;20100304;103009;8230.00000;4
SBRF-3.10;0;20100304;103009;8230.00000;1
SBRF-3.10;0;20100304;103009;8230.00000;15
SBRF-3.10;0;20100304;103009;8230.00000;28
SBRF-3.10;0;20100304;103009;8229.00000;1
SBRF-3.10;0;20100304;103010;8224.00000;50
SBRF-3.10;0;20100304;103010;8223.00000;50
SBRF-3.10;0;20100304;103010;8230.00000;18
SBRF-3.10;0;20100304;103010;8230.00000;1
SBRF-3.10;0;20100304;103010;8229.00000;8
SBRF-3.10;0;20100304;103010;8229.00000;20
SBRF-3.10;0;20100304;103010;8230.00000;2
SBRF-3.10;0;20100304;103010;8230.00000;2
SBRF-3.10;0;20100304;103010;8233.00000;1
SBRF-3.10;0;20100304;103010;8229.00000;5
SBRF-3.10;0;20100304;103010;8229.00000;10
SBRF-3.10;0;20100304;103011;8229.00000;4
SBRF-3.10;0;20100304;103011;8230.00000;1
SBRF-3.10;0;20100304;103011;8229.00000;28
SBRF-3.10;0;20100304;103011;8225.00000;42
SBRF-3.10;0;20100304;103011;8229.00000;1
SBRF-3.10;0;20100304;103011;8229.00000;1
SBRF-3.10;0;20100304;103011;8229.00000;1
SBRF-3.10;0;20100304;103011;8230.00000;8
SBRF-3.10;0;20100304;103011;8230.00000;1
SBRF-3.10;0;20100304;103011;8230.00000;10
SBRF-3.10;0;20100304;103011;8231.00000;8
SBRF-3.10;0;20100304;103011;8231.00000;1
SBRF-3.10;0;20100304;103011;8231.00000;3
SBRF-3.10;0;20100304;103011;8230.00000;1
SBRF-3.10;0;20100304;103011;8230.00000;4
SBRF-3.10;0;20100304;103011;8230.00000;6
SBRF-3.10;0;20100304;103011;8226.00000;25
SBRF-3.10;0;20100304;103011;8225.00000;15
SBRF-3.10;0;20100304;103011;8231.00000;1
SBRF-3.10;0;20100304;103012;8230.00000;1
SBRF-3.10;0;20100304;103012;8230.00000;3
SBRF-3.10;0;20100304;103012;8230.00000;10
SBRF-3.10;0;20100304;103012;8230.00000;1
SBRF-3.10;0;20100304;103012;8231.00000;5
SBRF-3.10;0;20100304;103012;8231.00000;2
SBRF-3.10;0;20100304;103012;8230.00000;9
SBRF-3.10;0;20100304;103012;8231.00000;1
SBRF-3.10;0;20100304;103012;8231.00000;4
SBRF-3.10;0;20100304;103012;8230.00000;5
SBRF-3.10;0;20100304;103012;8231.00000;3
SBRF-3.10;0;20100304;103012;8230.00000;5
SBRF-3.10;0;20100304;103012;8230.00000;13
SBRF-3.10;0;20100304;103012;8230.00000;1
SBRF-3.10;0;20100304;103012;8230.00000;27
SBRF-3.10;0;20100304;103012;8230.00000;10
SBRF-3.10;0;20100304;103012;8226.00000;35
SBRF-3.10;0;20100304;103012;8225.00000;28
SBRF-3.10;0;20100304;103012;8225.00000;20
SBRF-3.10;0;20100304;103013;8231.00000;4
SBRF-3.10;0;20100304;103013;8231.00000;18
SBRF-3.10;0;20100304;103013;8231.00000;2
SBRF-3.10;0;20100304;103013;8230.00000;5
SBRF-3.10;0;20100304;103013;8225.00000;1
SBRF-3.10;0;20100304;103013;8225.00000;53
SBRF-3.10;0;20100304;103013;8231.00000;1
SBRF-3.10;0;20100304;103013;8225.00000;20
SBRF-3.10;0;20100304;103014;8231.00000;3
SBRF-3.10;0;20100304;103014;8225.00000;10
SBRF-3.10;0;20100304;103014;8225.00000;14
SBRF-3.10;0;20100304;103014;8230.00000;2
SBRF-3.10;0;20100304;103014;8230.00000;4
SBRF-3.10;0;20100304;103014;8231.00000;1
SBRF-3.10;0;20100304;103014;8231.00000;10
SBRF-3.10;0;20100304;103014;8231.00000;15
SBRF-3.10;0;20100304;103014;8234.00000;10
SBRF-3.10;0;20100304;103014;8235.00000;25
SBRF-3.10;0;20100304;103014;8229.00000;1
SBRF-3.10;0;20100304;103015;8229.00000;2
SBRF-3.10;0;20100304;103015;8225.00000;1
SBRF-3.10;0;20100304;103015;8225.00000;5
SBRF-3.10;0;20100304;103015;8234.00000;1
SBRF-3.10;0;20100304;103015;8229.00000;1
SBRF-3.10;0;20100304;103016;8226.00000;2
SBRF-3.10;0;20100304;103016;8233.00000;8
SBRF-3.10;0;20100304;103016;8233.00000;1
SBRF-3.10;0;20100304;103016;8226.00000;1
SBRF-3.10;0;20100304;103016;8234.00000;3
SBRF-3.10;0;20100304;103017;8230.00000;10
SBRF-3.10;0;20100304;103017;8227.00000;4
SBRF-3.10;0;20100304;103017;8227.00000;4
SBRF-3.10;0;20100304;103017;8227.00000;8
SBRF-3.10;0;20100304;103017;8225.00000;1
SBRF-3.10;0;20100304;103017;8227.00000;10
SBRF-3.10;0;20100304;103017;8224.00000;1
SBRF-3.10;0;20100304;103017;8224.00000;1
SBRF-3.10;0;20100304;103017;8223.00000;1
SBRF-3.10;0;20100304;103017;8223.00000;22
SBRF-3.10;0;20100304;103017;8223.00000;1
SBRF-3.10;0;20100304;103017;8223.00000;2
SBRF-3.10;0;20100304;103017;8222.00000;30
SBRF-3.10;0;20100304;103017;8221.00000;72
SBRF-3.10;0;20100304;103017;8227.00000;8
SBRF-3.10;0;20100304;103017;8221.00000;7
SBRF-3.10;0;20100304;103018;8221.00000;1
SBRF-3.10;0;20100304;103018;8227.00000;1
SBRF-3.10;0;20100304;103018;8230.00000;1
SBRF-3.10;0;20100304;103018;8235.00000;1
SBRF-3.10;0;20100304;103018;8221.00000;1
SBRF-3.10;0;20100304;103018;8235.00000;2
SBRF-3.10;0;20100304;103019;8221.00000;10
SBRF-3.10;0;20100304;103019;8232.00000;2
SBRF-3.10;0;20100304;103019;8235.00000;6
SBRF-3.10;0;20100304;103019;8235.00000;1
SBRF-3.10;0;20100304;103019;8235.00000;3
SBRF-3.10;0;20100304;103019;8221.00000;11
SBRF-3.10;0;20100304;103019;8235.00000;1
SBRF-3.10;0;20100304;103019;8236.00000;20
SBRF-3.10;0;20100304;103020;8239.00000;3
SBRF-3.10;0;20100304;103020;8236.00000;15
SBRF-3.10;0;20100304;103020;8236.00000;4
SBRF-3.10;0;20100304;103020;8236.00000;14
SBRF-3.10;0;20100304;103020;8234.00000;1
SBRF-3.10;0;20100304;103020;8222.00000;5
SBRF-3.10;0;20100304;103020;8221.00000;22
SBRF-3.10;0;20100304;103020;8233.00000;1
SBRF-3.10;0;20100304;103020;8234.00000;4
SBRF-3.10;0;20100304;103020;8234.00000;4
SBRF-3.10;0;20100304;103020;8235.00000;45
SBRF-3.10;0;20100304;103020;8232.00000;1
SBRF-3.10;0;20100304;103020;8230.00000;1
SBRF-3.10;0;20100304;103020;8221.00000;1
SBRF-3.10;0;20100304;103022;8225.00000;1
SBRF-3.10;0;20100304;103022;8225.00000;1
SBRF-3.10;0;20100304;103022;8222.00000;1
SBRF-3.10;0;20100304;103022;8227.00000;14
SBRF-3.10;0;20100304;103022;8226.00000;15
SBRF-3.10;0;20100304;103022;8226.00000;1
SBRF-3.10;0;20100304;103022;8227.00000;14
SBRF-3.10;0;20100304;103022;8226.00000;6
SBRF-3.10;0;20100304;103023;8227.00000;15
SBRF-3.10;0;20100304;103023;8227.00000;31
SBRF-3.10;0;20100304;103023;8227.00000;25
SBRF-3.10;0;20100304;103023;8226.00000;1
SBRF-3.10;0;20100304;103023;8226.00000;7
SBRF-3.10;0;20100304;103023;8223.00000;7
SBRF-3.10;0;20100304;103023;8223.00000;1
SBRF-3.10;0;20100304;103023;8223.00000;5
SBRF-3.10;0;20100304;103023;8223.00000;5
SBRF-3.10;0;20100304;103023;8222.00000;37
SBRF-3.10;0;20100304;103023;8222.00000;45
SBRF-3.10;0;20100304;103023;8227.00000;8
SBRF-3.10;0;20100304;103023;8229.00000;1
SBRF-3.10;0;20100304;103023;8230.00000;1
SBRF-3.10;0;20100304;103023;8234.00000;5
SBRF-3.10;0;20100304;103023;8234.00000;24
SBRF-3.10;0;20100304;103023;8227.00000;1
SBRF-3.10;0;20100304;103023;8233.00000;4
SBRF-3.10;0;20100304;103024;8234.00000;1
SBRF-3.10;0;20100304;103024;8234.00000;5
SBRF-3.10;0;20100304;103024;8237.00000;2
SBRF-3.10;0;20100304;103024;8242.00000;1
SBRF-3.10;0;20100304;103024;8242.00000;1
SBRF-3.10;0;20100304;103024;8243.00000;1
SBRF-3.10;0;20100304;103024;8243.00000;1
SBRF-3.10;0;20100304;103025;8236.00000;30
SBRF-3.10;0;20100304;103025;8240.00000;36
SBRF-3.10;0;20100304;103025;8239.00000;5
SBRF-3.10;0;20100304;103025;8240.00000;11
SBRF-3.10;0;20100304;103025;8237.00000;1
SBRF-3.10;0;20100304;103025;8239.00000;5
SBRF-3.10;0;20100304;103025;8240.00000;5
SBRF-3.10;0;20100304;103025;8241.00000;10
SBRF-3.10;0;20100304;103025;8242.00000;17
SBRF-3.10;0;20100304;103025;8242.00000;15
SBRF-3.10;0;20100304;103025;8243.00000;14
SBRF-3.10;0;20100304;103025;8244.00000;9
SBRF-3.10;0;20100304;103025;8244.00000;6
SBRF-3.10;0;20100304;103025;8246.00000;29
SBRF-3.10;0;20100304;103026;8235.00000;1
SBRF-3.10;0;20100304;103026;8235.00000;9
SBRF-3.10;0;20100304;103026;8235.00000;1
SBRF-3.10;0;20100304;103026;8235.00000;15
SBRF-3.10;0;20100304;103026;8239.00000;5
SBRF-3.10;0;20100304;103026;8244.00000;1
SBRF-3.10;0;20100304;103026;8244.00000;26
SBRF-3.10;0;20100304;103026;8238.00000;24
SBRF-3.10;0;20100304;103026;8243.00000;2
SBRF-3.10;0;20100304;103026;8243.00000;64
SBRF-3.10;0;20100304;103026;8239.00000;1
SBRF-3.10;0;20100304;103027;8240.00000;7
SBRF-3.10;0;20100304;103027;8240.00000;3
SBRF-3.10;0;20100304;103027;8239.00000;1
SBRF-3.10;0;20100304;103027;8239.00000;4
SBRF-3.10;0;20100304;103027;8238.00000;91
SBRF-3.10;0;20100304;103027;8236.00000;3
SBRF-3.10;0;20100304;103027;8239.00000;2
SBRF-3.10;0;20100304;103027;8239.00000;6
SBRF-3.10;0;20100304;103027;8239.00000;14
SBRF-3.10;0;20100304;103027;8241.00000;16
SBRF-3.10;0;20100304;103027;8241.00000;23
SBRF-3.10;0;20100304;103028;8241.00000;70
SBRF-3.10;0;20100304;103028;8243.00000;8
SBRF-3.10;0;20100304;103028;8243.00000;4
SBRF-3.10;0;20100304;103029;8243.00000;79
SBRF-3.10;0;20100304;103029;8243.00000;1
SBRF-3.10;0;20100304;103029;8243.00000;15
SBRF-3.10;0;20100304;103029;8244.00000;2
SBRF-3.10;0;20100304;103029;8244.00000;6
SBRF-3.10;0;20100304;103030;8243.00000;10
SBRF-3.10;0;20100304;103030;8244.00000;5
SBRF-3.10;0;20100304;103030;8245.00000;39
SBRF-3.10;0;20100304;103030;8244.00000;12
SBRF-3.10;0;20100304;103030;8245.00000;4
SBRF-3.10;0;20100304;103030;8244.00000;8
SBRF-3.10;0;20100304;103030;8245.00000;2
SBRF-3.10;0;20100304;103030;8244.00000;1
SBRF-3.10;0;20100304;103031;8244.00000;1
SBRF-3.10;0;20100304;103031;8243.00000;22
SBRF-3.10;0;20100304;103032;8244.00000;2
SBRF-3.10;0;20100304;103032;8244.00000;5
SBRF-3.10;0;20100304;103032;8241.00000;44
SBRF-3.10;0;20100304;103032;8241.00000;21
SBRF-3.10;0;20100304;103032;8241.00000;5
SBRF-3.10;0;20100304;103032;8241.00000;2
SBRF-3.10;0;20100304;103032;8241.00000;2
SBRF-3.10;0;20100304;103032;8241.00000;29
SBRF-3.10;0;20100304;103033;8241.00000;2
SBRF-3.10;0;20100304;103033;8241.00000;2
SBRF-3.10;0;20100304;103033;8241.00000;2
SBRF-3.10;0;20100304;103033;8241.00000;1
SBRF-3.10;0;20100304;103033;8241.00000;1
SBRF-3.10;0;20100304;103033;8241.00000;1
SBRF-3.10;0;20100304;103034;8236.00000;1
SBRF-3.10;0;20100304;103034;8236.00000;1
SBRF-3.10;0;20100304;103034;8241.00000;5
SBRF-3.10;0;20100304;103034;8240.00000;1
SBRF-3.10;0;20100304;103034;8241.00000;98
SBRF-3.10;0;20100304;103034;8236.00000;4
SBRF-3.10;0;20100304;103034;8240.00000;6
SBRF-3.10;0;20100304;103034;8241.00000;9
SBRF-3.10;0;20100304;103035;8241.00000;2
SBRF-3.10;0;20100304;103035;8238.00000;2
SBRF-3.10;0;20100304;103035;8238.00000;1
SBRF-3.10;0;20100304;103035;8238.00000;1
SBRF-3.10;0;20100304;103035;8238.00000;1
SBRF-3.10;0;20100304;103036;8241.00000;1
SBRF-3.10;0;20100304;103037;8241.00000;5
SBRF-3.10;0;20100304;103037;8241.00000;1
SBRF-3.10;0;20100304;103037;8241.00000;6
SBRF-3.10;0;20100304;103037;8241.00000;1
SBRF-3.10;0;20100304;103037;8241.00000;60
SBRF-3.10;0;20100304;103039;8241.00000;2
SBRF-3.10;0;20100304;103039;8240.00000;33
SBRF-3.10;0;20100304;103039;8240.00000;2
SBRF-3.10;0;20100304;103039;8240.00000;1
SBRF-3.10;0;20100304;103039;8240.00000;15
SBRF-3.10;0;20100304;103039;8240.00000;15
SBRF-3.10;0;20100304;103039;8236.00000;1
SBRF-3.10;0;20100304;103039;8240.00000;8
SBRF-3.10;0;20100304;103039;8240.00000;10
SBRF-3.10;0;20100304;103039;8238.00000;2
SBRF-3.10;0;20100304;103039;8238.00000;150
SBRF-3.10;0;20100304;103039;8238.00000;80
SBRF-3.10;0;20100304;103039;8238.00000;8
SBRF-3.10;0;20100304;103039;8238.00000;10
SBRF-3.10;0;20100304;103039;8238.00000;20
SBRF-3.10;0;20100304;103039;8238.00000;2
SBRF-3.10;0;20100304;103039;8238.00000;3
SBRF-3.10;0;20100304;103039;8238.00000;5
SBRF-3.10;0;20100304;103039;8238.00000;5
SBRF-3.10;0;20100304;103040;8238.00000;5
SBRF-3.10;0;20100304;103040;8238.00000;10
SBRF-3.10;0;20100304;103040;8240.00000;39
SBRF-3.10;0;20100304;103040;8240.00000;61
SBRF-3.10;0;20100304;103040;8240.00000;29
SBRF-3.10;0;20100304;103040;8243.00000;5
SBRF-3.10;0;20100304;103040;8243.00000;1
SBRF-3.10;0;20100304;103040;8243.00000;14
SBRF-3.10;0;20100304;103040;8244.00000;31
SBRF-3.10;0;20100304;103040;8241.00000;1
SBRF-3.10;0;20100304;103040;8240.00000;1
SBRF-3.10;0;20100304;103040;8240.00000;9
SBRF-3.10;0;20100304;103041;8242.00000;8
SBRF-3.10;0;20100304;103041;8244.00000;39
SBRF-3.10;0;20100304;103041;8243.00000;16
SBRF-3.10;0;20100304;103041;8242.00000;15
SBRF-3.10;0;20100304;103041;8241.00000;2
SBRF-3.10;0;20100304;103041;8240.00000;33
SBRF-3.10;0;20100304;103041;8240.00000;7
SBRF-3.10;0;20100304;103041;8240.00000;20
SBRF-3.10;0;20100304;103041;8240.00000;50
SBRF-3.10;0;20100304;103041;8238.00000;2
SBRF-3.10;0;20100304;103041;8237.00000;24
SBRF-3.10;0;20100304;103041;8237.00000;1
SBRF-3.10;0;20100304;103041;8237.00000;1
SBRF-3.10;0;20100304;103041;8237.00000;150
SBRF-3.10;0;20100304;103042;8237.00000;45
SBRF-3.10;0;20100304;103042;8242.00000;20
SBRF-3.10;0;20100304;103042;8243.00000;26
SBRF-3.10;0;20100304;103042;8241.00000;4
SBRF-3.10;0;20100304;103043;8242.00000;8
SBRF-3.10;0;20100304;103043;8243.00000;1
SBRF-3.10;0;20100304;103043;8242.00000;4
SBRF-3.10;0;20100304;103043;8242.00000;4
SBRF-3.10;0;20100304;103043;8242.00000;1
SBRF-3.10;0;20100304;103043;8242.00000;3
SBRF-3.10;0;20100304;103043;8242.00000;4
SBRF-3.10;0;20100304;103043;8242.00000;8
SBRF-3.10;0;20100304;103043;8241.00000;1
SBRF-3.10;0;20100304;103043;8241.00000;2
SBRF-3.10;0;20100304;103043;8243.00000;11
SBRF-3.10;0;20100304;103043;8243.00000;1
SBRF-3.10;0;20100304;103043;8245.00000;3
SBRF-3.10;0;20100304;103043;8245.00000;1
SBRF-3.10;0;20100304;103043;8245.00000;1
SBRF-3.10;0;20100304;103043;8246.00000;2
SBRF-3.10;0;20100304;103043;8246.00000;1
SBRF-3.10;0;20100304;103044;8239.00000;6
SBRF-3.10;0;20100304;103044;8238.00000;1
SBRF-3.10;0;20100304;103044;8238.00000;2
SBRF-3.10;0;20100304;103044;8238.00000;15
SBRF-3.10;0;20100304;103045;8238.00000;27
SBRF-3.10;0;20100304;103045;8239.00000;53
SBRF-3.10;0;20100304;103045;8237.00000;10
SBRF-3.10;0;20100304;103045;8236.00000;2
SBRF-3.10;0;20100304;103045;8236.00000;10
SBRF-3.10;0;20100304;103045;8236.00000;3
SBRF-3.10;0;20100304;103045;8236.00000;2
SBRF-3.10;0;20100304;103045;8236.00000;10
SBRF-3.10;0;20100304;103045;8239.00000;48
SBRF-3.10;0;20100304;103045;8239.00000;1
SBRF-3.10;0;20100304;103045;8239.00000;4
SBRF-3.10;0;20100304;103046;8237.00000;1
SBRF-3.10;0;20100304;103046;8236.00000;1
SBRF-3.10;0;20100304;103046;8239.00000;3
SBRF-3.10;0;20100304;103046;8239.00000;3
SBRF-3.10;0;20100304;103046;8239.00000;182
SBRF-3.10;0;20100304;103046;8244.00000;1
SBRF-3.10;0;20100304;103046;8245.00000;15
SBRF-3.10;0;20100304;103046;8245.00000;8
SBRF-3.10;0;20100304;103046;8245.00000;7
SBRF-3.10;0;20100304;103046;8245.00000;16
SBRF-3.10;0;20100304;103046;8245.00000;31
SBRF-3.10;0;20100304;103046;8245.00000;15
SBRF-3.10;0;20100304;103046;8245.00000;13
SBRF-3.10;0;20100304;103047;8245.00000;100
SBRF-3.10;0;20100304;103047;8245.00000;56
SBRF-3.10;0;20100304;103047;8245.00000;2
SBRF-3.10;0;20100304;103047;8245.00000;54
SBRF-3.10;0;20100304;103047;8243.00000;5
SBRF-3.10;0;20100304;103047;8243.00000;1
SBRF-3.10;0;20100304;103048;8242.00000;13
SBRF-3.10;0;20100304;103049;8241.00000;1
SBRF-3.10;0;20100304;103049;8242.00000;17
SBRF-3.10;0;20100304;103050;8241.00000;4
SBRF-3.10;0;20100304;103050;8241.00000;1
SBRF-3.10;0;20100304;103050;8242.00000;1
SBRF-3.10;0;20100304;103050;8241.00000;13
SBRF-3.10;0;20100304;103050;8241.00000;16
SBRF-3.10;0;20100304;103050;8240.00000;15
SBRF-3.10;0;20100304;103050;8235.00000;24
SBRF-3.10;0;20100304;103050;8235.00000;2
SBRF-3.10;0;20100304;103052;8241.00000;3
SBRF-3.10;0;20100304;103053;8239.00000;10
SBRF-3.10;0;20100304;103053;8236.00000;8
SBRF-3.10;0;20100304;103053;8236.00000;1
SBRF-3.10;0;20100304;103053;8236.00000;11
SBRF-3.10;0;20100304;103053;8235.00000;9
SBRF-3.10;0;20100304;103053;8235.00000;1
SBRF-3.10;0;20100304;103053;8235.00000;16
SBRF-3.10;0;20100304;103053;8235.00000;10
SBRF-3.10;0;20100304;103054;8235.00000;15
SBRF-3.10;0;20100304;103054;8235.00000;19
SBRF-3.10;0;20100304;103054;8240.00000;1
SBRF-3.10;0;20100304;103054;8240.00000;9
SBRF-3.10;0;20100304;103054;8236.00000;11
SBRF-3.10;0;20100304;103055;8241.00000;1
SBRF-3.10;0;20100304;103055;8243.00000;8
SBRF-3.10;0;20100304;103055;8243.00000;16
SBRF-3.10;0;20100304;103055;8243.00000;4
SBRF-3.10;0;20100304;103055;8243.00000;4
SBRF-3.10;0;20100304;103055;8243.00000;13
SBRF-3.10;0;20100304;103055;8243.00000;3
SBRF-3.10;0;20100304;103055;8243.00000;16
SBRF-3.10;0;20100304;103055;8243.00000;7
SBRF-3.10;0;20100304;103055;8243.00000;16
SBRF-3.10;0;20100304;103055;8243.00000;4
SBRF-3.10;0;20100304;103056;8243.00000;4
SBRF-3.10;0;20100304;103056;8243.00000;4
SBRF-3.10;0;20100304;103056;8242.00000;10
SBRF-3.10;0;20100304;103056;8238.00000;4
SBRF-3.10;0;20100304;103056;8238.00000;3
SBRF-3.10;0;20100304;103057;8238.00000;2
SBRF-3.10;0;20100304;103057;8238.00000;1
SBRF-3.10;0;20100304;103057;8236.00000;1
SBRF-3.10;0;20100304;103057;8236.00000;1
SBRF-3.10;0;20100304;103057;8235.00000;1
SBRF-3.10;0;20100304;103058;8241.00000;1
SBRF-3.10;0;20100304;103059;8236.00000;16
SBRF-3.10;0;20100304;103100;8239.00000;1
SBRF-3.10;0;20100304;103100;8238.00000;3
SBRF-3.10;0;20100304;103101;8238.00000;2
SBRF-3.10;0;20100304;103101;8238.00000;1
SBRF-3.10;0;20100304;103101;8238.00000;4
SBRF-3.10;0;20100304;103101;8236.00000;10
SBRF-3.10;0;20100304;103101;8235.00000;7
SBRF-3.10;0;20100304;103101;8234.00000;9
SBRF-3.10;0;20100304;103102;8234.00000;1
SBRF-3.10;0;20100304;103102;8234.00000;10
SBRF-3.10;0;20100304;103102;8234.00000;5
SBRF-3.10;0;20100304;103102;8234.00000;4
SBRF-3.10;0;20100304;103104;8236.00000;10
SBRF-3.10;0;20100304;103104;8237.00000;5
SBRF-3.10;0;20100304;103104;8237.00000;8
SBRF-3.10;0;20100304;103104;8238.00000;12
SBRF-3.10;0;20100304;103104;8238.00000;2
SBRF-3.10;0;20100304;103104;8239.00000;23
SBRF-3.10;0;20100304;103104;8237.00000;1
SBRF-3.10;0;20100304;103105;8235.00000;4
SBRF-3.10;0;20100304;103108;8236.00000;4
SBRF-3.10;0;20100304;103108;8236.00000;1
SBRF-3.10;0;20100304;103108;8236.00000;3
SBRF-3.10;0;20100304;103108;8234.00000;2
SBRF-3.10;0;20100304;103108;8236.00000;1
SBRF-3.10;0;20100304;103108;8236.00000;4
SBRF-3.10;0;20100304;103108;8236.00000;1
SBRF-3.10;0;20100304;103108;8237.00000;9
SBRF-3.10;0;20100304;103108;8237.00000;1
SBRF-3.10;0;20100304;103109;8236.00000;2
SBRF-3.10;0;20100304;103109;8234.00000;2
SBRF-3.10;0;20100304;103109;8234.00000;7
SBRF-3.10;0;20100304;103109;8234.00000;16
SBRF-3.10;0;20100304;103109;8232.00000;8
SBRF-3.10;0;20100304;103109;8232.00000;8
SBRF-3.10;0;20100304;103109;8231.00000;15
SBRF-3.10;0;20100304;103109;8231.00000;20
SBRF-3.10;0;20100304;103109;8231.00000;17
SBRF-3.10;0;20100304;103109;8230.00000;20
SBRF-3.10;0;20100304;103109;8230.00000;11
SBRF-3.10;0;20100304;103109;8230.00000;2
SBRF-3.10;0;20100304;103109;8230.00000;2
SBRF-3.10;0;20100304;103110;8230.00000;8
SBRF-3.10;0;20100304;103110;8230.00000;35
SBRF-3.10;0;20100304;103110;8229.00000;2
SBRF-3.10;0;20100304;103110;8230.00000;9
SBRF-3.10;0;20100304;103110;8230.00000;4
SBRF-3.10;0;20100304;103110;8230.00000;9
SBRF-3.10;0;20100304;103111;8232.00000;5
SBRF-3.10;0;20100304;103111;8232.00000;2
SBRF-3.10;0;20100304;103111;8232.00000;2
SBRF-3.10;0;20100304;103111;8233.00000;1
SBRF-3.10;0;20100304;103111;8233.00000;1
SBRF-3.10;0;20100304;103112;8233.00000;4
SBRF-3.10;0;20100304;103112;8234.00000;3
SBRF-3.10;0;20100304;103112;8234.00000;8
SBRF-3.10;0;20100304;103112;8233.00000;4
SBRF-3.10;0;20100304;103112;8233.00000;6
SBRF-3.10;0;20100304;103113;8234.00000;15
SBRF-3.10;0;20100304;103113;8232.00000;4
SBRF-3.10;0;20100304;103113;8232.00000;4
SBRF-3.10;0;20100304;103114;8235.00000;1
SBRF-3.10;0;20100304;103115;8231.00000;5
SBRF-3.10;0;20100304;103115;8231.00000;1
SBRF-3.10;0;20100304;103115;8233.00000;3
SBRF-3.10;0;20100304;103116;8233.00000;4
SBRF-3.10;0;20100304;103116;8233.00000;3
SBRF-3.10;0;20100304;103117;8233.00000;15
SBRF-3.10;0;20100304;103117;8233.00000;8
SBRF-3.10;0;20100304;103117;8233.00000;17
SBRF-3.10;0;20100304;103117;8234.00000;3
SBRF-3.10;0;20100304;103117;8236.00000;7
SBRF-3.10;0;20100304;103117;8234.00000;16
SBRF-3.10;0;20100304;103118;8230.00000;8
SBRF-3.10;0;20100304;103118;8231.00000;5
SBRF-3.10;0;20100304;103118;8230.00000;10
SBRF-3.10;0;20100304;103118;8230.00000;16
SBRF-3.10;0;20100304;103118;8230.00000;1
SBRF-3.10;0;20100304;103119;8230.00000;1
SBRF-3.10;0;20100304;103119;8230.00000;10
SBRF-3.10;0;20100304;103119;8231.00000;4
SBRF-3.10;0;20100304;103119;8231.00000;4
SBRF-3.10;0;20100304;103120;8230.00000;3
SBRF-3.10;0;20100304;103121;8230.00000;2
SBRF-3.10;0;20100304;103121;8229.00000;7
SBRF-3.10;0;20100304;103121;8229.00000;2
SBRF-3.10;0;20100304;103121;8229.00000;8
SBRF-3.10;0;20100304;103121;8228.00000;3
SBRF-3.10;0;20100304;103121;8230.00000;1
SBRF-3.10;0;20100304;103122;8230.00000;1
SBRF-3.10;0;20100304;103122;8228.00000;1
SBRF-3.10;0;20100304;103122;8227.00000;2
SBRF-3.10;0;20100304;103122;8227.00000;3
SBRF-3.10;0;20100304;103122;8227.00000;3
SBRF-3.10;0;20100304;103123;8233.00000;16
SBRF-3.10;0;20100304;103123;8234.00000;29
SBRF-3.10;0;20100304;103123;8234.00000;8
SBRF-3.10;0;20100304;103123;8234.00000;12
SBRF-3.10;0;20100304;103123;8235.00000;50
SBRF-3.10;0;20100304;103123;8236.00000;3
SBRF-3.10;0;20100304;103123;8236.00000;10
SBRF-3.10;0;20100304;103123;8236.00000;8
SBRF-3.10;0;20100304;103123;8236.00000;9
SBRF-3.10;0;20100304;103123;8236.00000;6
SBRF-3.10;0;20100304;103123;8236.00000;16
SBRF-3.10;0;20100304;103123;8236.00000;50
SBRF-3.10;0;20100304;103123;8236.00000;17
SBRF-3.10;0;20100304;103123;8236.00000;24
SBRF-3.10;0;20100304;103123;8236.00000;11
SBRF-3.10;0;20100304;103123;8236.00000;80
SBRF-3.10;0;20100304;103123;8236.00000;15
SBRF-3.10;0;20100304;103123;8236.00000;100
SBRF-3.10;0;20100304;103123;8236.00000;30
SBRF-3.10;0;20100304;103124;8236.00000;3
SBRF-3.10;0;20100304;103124;8236.00000;3
SBRF-3.10;0;20100304;103124;8232.00000;1
SBRF-3.10;0;20100304;103124;8228.00000;1
SBRF-3.10;0;20100304;103124;8236.00000;2
SBRF-3.10;0;20100304;103124;8235.00000;9
SBRF-3.10;0;20100304;103125;8228.00000;5
SBRF-3.10;0;20100304;103126;8228.00000;2
SBRF-3.10;0;20100304;103126;8227.00000;2
SBRF-3.10;0;20100304;103126;8226.00000;11
SBRF-3.10;0;20100304;103126;8230.00000;1
SBRF-3.10;0;20100304;103126;8231.00000;5
SBRF-3.10;0;20100304;103127;8229.00000;1
SBRF-3.10;0;20100304;103127;8231.00000;5
SBRF-3.10;0;20100304;103127;8234.00000;1
SBRF-3.10;0;20100304;103127;8235.00000;11
SBRF-3.10;0;20100304;103127;8230.00000;5
SBRF-3.10;0;20100304;103127;8230.00000;2
SBRF-3.10;0;20100304;103128;8229.00000;9
SBRF-3.10;0;20100304;103128;8230.00000;1
SBRF-3.10;0;20100304;103128;8229.00000;1
SBRF-3.10;0;20100304;103129;8230.00000;10
SBRF-3.10;0;20100304;103130;8233.00000;1
SBRF-3.10;0;20100304;103130;8229.00000;4
SBRF-3.10;0;20100304;103130;8229.00000;1
SBRF-3.10;0;20100304;103130;8229.00000;9
SBRF-3.10;0;20100304;103131;8230.00000;5
SBRF-3.10;0;20100304;103132;8228.00000;16
SBRF-3.10;0;20100304;103132;8227.00000;4
SBRF-3.10;0;20100304;103132;8230.00000;1
SBRF-3.10;0;20100304;103132;8228.00000;1
SBRF-3.10;0;20100304;103132;8231.00000;1
SBRF-3.10;0;20100304;103132;8231.00000;9
SBRF-3.10;0;20100304;103132;8233.00000;7
SBRF-3.10;0;20100304;103132;8233.00000;16
SBRF-3.10;0;20100304;103132;8233.00000;1
SBRF-3.10;0;20100304;103133;8234.00000;1
SBRF-3.10;0;20100304;103133;8233.00000;10
SBRF-3.10;0;20100304;103133;8233.00000;10
SBRF-3.10;0;20100304;103133;8233.00000;8
SBRF-3.10;0;20100304;103133;8234.00000;13
SBRF-3.10;0;20100304;103134;8234.00000;12
SBRF-3.10;0;20100304;103135;8232.00000;1
SBRF-3.10;0;20100304;103135;8228.00000;9
SBRF-3.10;0;20100304;103136;8234.00000;15
SBRF-3.10;0;20100304;103136;8234.00000;2
SBRF-3.10;0;20100304;103138;8234.00000;1
SBRF-3.10;0;20100304;103139;8234.00000;2
SBRF-3.10;0;20100304;103139;8234.00000;3
SBRF-3.10;0;20100304;103140;8234.00000;4
SBRF-3.10;0;20100304;103140;8230.00000;10
SBRF-3.10;0;20100304;103140;8234.00000;13
SBRF-3.10;0;20100304;103141;8234.00000;10
SBRF-3.10;0;20100304;103141;8234.00000;10
SBRF-3.10;0;20100304;103141;8234.00000;1
SBRF-3.10;0;20100304;103142;8234.00000;4
SBRF-3.10;0;20100304;103142;8234.00000;11
SBRF-3.10;0;20100304;103142;8234.00000;2
SBRF-3.10;0;20100304;103142;8232.00000;1
SBRF-3.10;0;20100304;103142;8235.00000;7
SBRF-3.10;0;20100304;103142;8237.00000;3
SBRF-3.10;0;20100304;103142;8237.00000;10
SBRF-3.10;0;20100304;103142;8237.00000;1
SBRF-3.10;0;20100304;103143;8237.00000;2
SBRF-3.10;0;20100304;103143;8239.00000;1
SBRF-3.10;0;20100304;103144;8237.00000;4
SBRF-3.10;0;20100304;103144;8237.00000;23
SBRF-3.10;0;20100304;103144;8235.00000;8
SBRF-3.10;0;20100304;103145;8238.00000;4
SBRF-3.10;0;20100304;103145;8239.00000;1
SBRF-3.10;0;20100304;103145;8239.00000;4
SBRF-3.10;0;20100304;103145;8239.00000;5
SBRF-3.10;0;20100304;103145;8239.00000;3
SBRF-3.10;0;20100304;103145;8234.00000;3
SBRF-3.10;0;20100304;103145;8239.00000;7
SBRF-3.10;0;20100304;103145;8239.00000;9
SBRF-3.10;0;20100304;103145;8239.00000;3
SBRF-3.10;0;20100304;103145;8239.00000;2
SBRF-3.10;0;20100304;103145;8239.00000;5
SBRF-3.10;0;20100304;103148;8239.00000;4
SBRF-3.10;0;20100304;103148;8239.00000;3
SBRF-3.10;0;20100304;103150;8239.00000;1
SBRF-3.10;0;20100304;103150;8239.00000;1
SBRF-3.10;0;20100304;103152;8236.00000;8
SBRF-3.10;0;20100304;103152;8236.00000;1
SBRF-3.10;0;20100304;103152;8235.00000;1
SBRF-3.10;0;20100304;103154;8239.00000;5
SBRF-3.10;0;20100304;103155;8239.00000;3
SBRF-3.10;0;20100304;103155;8241.00000;15
SBRF-3.10;0;20100304;103155;8241.00000;32
SBRF-3.10;0;20100304;103156;8236.00000;2
SBRF-3.10;0;20100304;103156;8236.00000;5
SBRF-3.10;0;20100304;103156;8235.00000;3
SBRF-3.10;0;20100304;103156;8236.00000;7
SBRF-3.10;0;20100304;103156;8235.00000;10
SBRF-3.10;0;20100304;103158;8236.00000;3
SBRF-3.10;0;20100304;103158;8235.00000;2
SBRF-3.10;0;20100304;103158;8235.00000;1
SBRF-3.10;0;20100304;103158;8235.00000;1
SBRF-3.10;0;20100304;103158;8235.00000;3
SBRF-3.10;0;20100304;103158;8235.00000;4
SBRF-3.10;0;20100304;103159;8236.00000;1
SBRF-3.10;0;20100304;103159;8235.00000;2
SBRF-3.10;0;20100304;103159;8235.00000;2
SBRF-3.10;0;20100304;103159;8237.00000;9
SBRF-3.10;0;20100304;103159;8239.00000;8
SBRF-3.10;0;20100304;103159;8240.00000;3
SBRF-3.10;0;20100304;103159;8240.00000;10
SBRF-3.10;0;20100304;103159;8237.00000;10
SBRF-3.10;0;20100304;103159;8240.00000;3
SBRF-3.10;0;20100304;103159;8240.00000;10
SBRF-3.10;0;20100304;103159;8240.00000;2
SBRF-3.10;0;20100304;103159;8241.00000;14
SBRF-3.10;0;20100304;103200;8240.00000;10
SBRF-3.10;0;20100304;103200;8241.00000;32
SBRF-3.10;0;20100304;103201;8238.00000;1
SBRF-3.10;0;20100304;103201;8237.00000;16
SBRF-3.10;0;20100304;103202;8237.00000;4
SBRF-3.10;0;20100304;103202;8236.00000;8
SBRF-3.10;0;20100304;103204;8236.00000;12
SBRF-3.10;0;20100304;103204;8237.00000;6
SBRF-3.10;0;20100304;103204;8237.00000;8
SBRF-3.10;0;20100304;103204;8238.00000;1
SBRF-3.10;0;20100304;103204;8238.00000;5
SBRF-3.10;0;20100304;103204;8236.00000;18
SBRF-3.10;0;20100304;103204;8236.00000;13
SBRF-3.10;0;20100304;103204;8236.00000;5
SBRF-3.10;0;20100304;103205;8234.00000;1
SBRF-3.10;0;20100304;103205;8234.00000;8
SBRF-3.10;0;20100304;103205;8234.00000;1
SBRF-3.10;0;20100304;103206;8236.00000;4
SBRF-3.10;0;20100304;103206;8236.00000;9
SBRF-3.10;0;20100304;103206;8236.00000;2
SBRF-3.10;0;20100304;103206;8236.00000;1
SBRF-3.10;0;20100304;103206;8236.00000;2
SBRF-3.10;0;20100304;103207;8238.00000;4
SBRF-3.10;0;20100304;103207;8238.00000;8
SBRF-3.10;0;20100304;103208;8235.00000;2
SBRF-3.10;0;20100304;103208;8238.00000;2
SBRF-3.10;0;20100304;103209;8236.00000;8
SBRF-3.10;0;20100304;103209;8236.00000;72
SBRF-3.10;0;20100304;103209;8236.00000;28
SBRF-3.10;0;20100304;103209;8235.00000;2
SBRF-3.10;0;20100304;103210;8239.00000;3
SBRF-3.10;0;20100304;103210;8236.00000;10
SBRF-3.10;0;20100304;103211;8236.00000;41
SBRF-3.10;0;20100304;103211;8236.00000;5
SBRF-3.10;0;20100304;103211;8238.00000;10
SBRF-3.10;0;20100304;103211;8235.00000;8
SBRF-3.10;0;20100304;103212;8235.00000;2
SBRF-3.10;0;20100304;103212;8237.00000;1
SBRF-3.10;0;20100304;103212;8237.00000;7
SBRF-3.10;0;20100304;103212;8239.00000;9
SBRF-3.10;0;20100304;103212;8239.00000;14
SBRF-3.10;0;20100304;103212;8235.00000;5
SBRF-3.10;0;20100304;103213;8235.00000;9
SBRF-3.10;0;20100304;103213;8237.00000;2
SBRF-3.10;0;20100304;103213;8235.00000;1
SBRF-3.10;0;20100304;103214;8234.00000;30
SBRF-3.10;0;20100304;103214;8235.00000;2
SBRF-3.10;0;20100304;103214;8233.00000;1
SBRF-3.10;0;20100304;103214;8234.00000;2
SBRF-3.10;0;20100304;103214;8235.00000;5
SBRF-3.10;0;20100304;103214;8236.00000;7
SBRF-3.10;0;20100304;103214;8233.00000;1
SBRF-3.10;0;20100304;103214;8233.00000;5
SBRF-3.10;0;20100304;103215;8232.00000;5
SBRF-3.10;0;20100304;103216;8232.00000;2
SBRF-3.10;0;20100304;103216;8233.00000;10
SBRF-3.10;0;20100304;103216;8235.00000;1
SBRF-3.10;0;20100304;103216;8237.00000;2
SBRF-3.10;0;20100304;103216;8238.00000;1
SBRF-3.10;0;20100304;103216;8238.00000;8
SBRF-3.10;0;20100304;103216;8231.00000;6
SBRF-3.10;0;20100304;103216;8231.00000;5
SBRF-3.10;0;20100304;103216;8231.00000;2
SBRF-3.10;0;20100304;103216;8231.00000;7
SBRF-3.10;0;20100304;103216;8236.00000;16
SBRF-3.10;0;20100304;103216;8236.00000;3
SBRF-3.10;0;20100304;103218;8231.00000;1
SBRF-3.10;0;20100304;103218;8233.00000;4
SBRF-3.10;0;20100304;103218;8233.00000;5
SBRF-3.10;0;20100304;103218;8231.00000;16
SBRF-3.10;0;20100304;103218;8230.00000;4
SBRF-3.10;0;20100304;103218;8230.00000;3
SBRF-3.10;0;20100304;103218;8230.00000;1
SBRF-3.10;0;20100304;103218;8230.00000;10
SBRF-3.10;0;20100304;103218;8229.00000;2
SBRF-3.10;0;20100304;103218;8229.00000;1
SBRF-3.10;0;20100304;103218;8230.00000;2
SBRF-3.10;0;20100304;103219;8231.00000;10
SBRF-3.10;0;20100304;103220;8230.00000;17
SBRF-3.10;0;20100304;103220;8232.00000;16
SBRF-3.10;0;20100304;103220;8233.00000;12
SBRF-3.10;0;20100304;103220;8233.00000;8
SBRF-3.10;0;20100304;103220;8229.00000;12
SBRF-3.10;0;20100304;103221;8230.00000;4
SBRF-3.10;0;20100304;103221;8230.00000;1
SBRF-3.10;0;20100304;103221;8232.00000;10
SBRF-3.10;0;20100304;103221;8235.00000;1
SBRF-3.10;0;20100304;103221;8235.00000;9
SBRF-3.10;0;20100304;103221;8233.00000;7
SBRF-3.10;0;20100304;103221;8230.00000;3
SBRF-3.10;0;20100304;103221;8231.00000;8
SBRF-3.10;0;20100304;103221;8229.00000;2
SBRF-3.10;0;20100304;103221;8234.00000;10
SBRF-3.10;0;20100304;103222;8234.00000;4
SBRF-3.10;0;20100304;103222;8235.00000;1
SBRF-3.10;0;20100304;103222;8232.00000;1
SBRF-3.10;0;20100304;103222;8235.00000;10
SBRF-3.10;0;20100304;103223;8235.00000;10
SBRF-3.10;0;20100304;103226;8233.00000;6
SBRF-3.10;0;20100304;103226;8233.00000;3
SBRF-3.10;0;20100304;103226;8232.00000;3
SBRF-3.10;0;20100304;103226;8234.00000;2
SBRF-3.10;0;20100304;103226;8235.00000;2
SBRF-3.10;0;20100304;103226;8230.00000;1
SBRF-3.10;0;20100304;103226;8229.00000;5
SBRF-3.10;0;20100304;103226;8230.00000;6
SBRF-3.10;0;20100304;103226;8230.00000;5
SBRF-3.10;0;20100304;103226;8228.00000;1
SBRF-3.10;0;20100304;103226;8228.00000;1
SBRF-3.10;0;20100304;103226;8233.00000;4
SBRF-3.10;0;20100304;103226;8229.00000;9
SBRF-3.10;0;20100304;103226;8228.00000;6
SBRF-3.10;0;20100304;103227;8228.00000;9
SBRF-3.10;0;20100304;103227;8228.00000;1
SBRF-3.10;0;20100304;103227;8229.00000;2
SBRF-3.10;0;20100304;103227;8228.00000;6
SBRF-3.10;0;20100304;103227;8232.00000;2
SBRF-3.10;0;20100304;103227;8229.00000;2
SBRF-3.10;0;20100304;103228;8227.00000;10
SBRF-3.10;0;20100304;103228;8227.00000;23
SBRF-3.10;0;20100304;103228;8226.00000;5
SBRF-3.10;0;20100304;103228;8231.00000;10
SBRF-3.10;0;20100304;103228;8231.00000;1
SBRF-3.10;0;20100304;103230;8225.00000;1
SBRF-3.10;0;20100304;103230;8225.00000;1
SBRF-3.10;0;20100304;103230;8225.00000;10
SBRF-3.10;0;20100304;103230;8225.00000;1
SBRF-3.10;0;20100304;103230;8225.00000;1
SBRF-3.10;0;20100304;103230;8225.00000;1
SBRF-3.10;0;20100304;103230;8225.00000;10
SBRF-3.10;0;20100304;103230;8225.00000;2
SBRF-3.10;0;20100304;103230;8225.00000;1
SBRF-3.10;0;20100304;103230;8229.00000;10
SBRF-3.10;0;20100304;103230;8232.00000;1
SBRF-3.10;0;20100304;103230;8232.00000;11
SBRF-3.10;0;20100304;103231;8227.00000;1
SBRF-3.10;0;20100304;103231;8227.00000;9
SBRF-3.10;0;20100304;103231;8231.00000;1
SBRF-3.10;0;20100304;103231;8225.00000;1
SBRF-3.10;0;20100304;103231;8225.00000;9
SBRF-3.10;0;20100304;103231;8228.00000;3
SBRF-3.10;0;20100304;103231;8228.00000;3
SBRF-3.10;0;20100304;103231;8228.00000;11
SBRF-3.10;0;20100304;103231;8229.00000;6
SBRF-3.10;0;20100304;103232;8228.00000;1
SBRF-3.10;0;20100304;103233;8225.00000;2
SBRF-3.10;0;20100304;103233;8226.00000;9
SBRF-3.10;0;20100304;103234;8227.00000;10
SBRF-3.10;0;20100304;103234;8227.00000;8
SBRF-3.10;0;20100304;103234;8228.00000;4
SBRF-3.10;0;20100304;103234;8225.00000;8
SBRF-3.10;0;20100304;103234;8226.00000;6
SBRF-3.10;0;20100304;103234;8225.00000;4
SBRF-3.10;0;20100304;103234;8228.00000;10
SBRF-3.10;0;20100304;103234;8226.00000;6
SBRF-3.10;0;20100304;103234;8225.00000;12
SBRF-3.10;0;20100304;103234;8224.00000;1
SBRF-3.10;0;20100304;103234;8224.00000;1
SBRF-3.10;0;20100304;103234;8224.00000;1
SBRF-3.10;0;20100304;103234;8224.00000;10
SBRF-3.10;0;20100304;103236;8225.00000;2
SBRF-3.10;0;20100304;103236;8226.00000;1
SBRF-3.10;0;20100304;103236;8226.00000;1
SBRF-3.10;0;20100304;103236;8224.00000;8
SBRF-3.10;0;20100304;103236;8223.00000;2
SBRF-3.10;0;20100304;103236;8223.00000;5
SBRF-3.10;0;20100304;103236;8223.00000;1
SBRF-3.10;0;20100304;103236;8223.00000;8
SBRF-3.10;0;20100304;103236;8223.00000;12
SBRF-3.10;0;20100304;103236;8226.00000;4
SBRF-3.10;0;20100304;103236;8222.00000;1
SBRF-3.10;0;20100304;103236;8222.00000;15
SBRF-3.10;0;20100304;103236;8222.00000;25
SBRF-3.10;0;20100304;103236;8222.00000;23
SBRF-3.10;0;20100304;103236;8224.00000;3
SBRF-3.10;0;20100304;103236;8224.00000;3
SBRF-3.10;0;20100304;103237;8223.00000;10
SBRF-3.10;0;20100304;103237;8224.00000;7
SBRF-3.10;0;20100304;103237;8224.00000;4
SBRF-3.10;0;20100304;103238;8221.00000;2
SBRF-3.10;0;20100304;103238;8221.00000;15
SBRF-3.10;0;20100304;103238;8220.00000;6
SBRF-3.10;0;20100304;103238;8223.00000;1
SBRF-3.10;0;20100304;103239;8222.00000;1
SBRF-3.10;0;20100304;103239;8222.00000;36
SBRF-3.10;0;20100304;103239;8222.00000;54
SBRF-3.10;0;20100304;103239;8221.00000;1
SBRF-3.10;0;20100304;103240;8221.00000;9
SBRF-3.10;0;20100304;103240;8222.00000;2
SBRF-3.10;0;20100304;103240;8224.00000;2
SBRF-3.10;0;20100304;103240;8224.00000;1
SBRF-3.10;0;20100304;103240;8220.00000;14
SBRF-3.10;0;20100304;103240;8220.00000;46
SBRF-3.10;0;20100304;103240;8220.00000;24
SBRF-3.10;0;20100304;103240;8220.00000;2
SBRF-3.10;0;20100304;103240;8220.00000;1
SBRF-3.10;0;20100304;103240;8220.00000;5
SBRF-3.10;0;20100304;103240;8220.00000;1
SBRF-3.10;0;20100304;103240;8220.00000;8
SBRF-3.10;0;20100304;103240;8219.00000;10
SBRF-3.10;0;20100304;103241;8220.00000;2
SBRF-3.10;0;20100304;103241;8222.00000;2
SBRF-3.10;0;20100304;103241;8224.00000;4
SBRF-3.10;0;20100304;103241;8220.00000;1
SBRF-3.10;0;20100304;103241;8219.00000;6
SBRF-3.10;0;20100304;103241;8220.00000;1
SBRF-3.10;0;20100304;103241;8219.00000;8
SBRF-3.10;0;20100304;103241;8217.00000;3
SBRF-3.10;0;20100304;103241;8217.00000;2
SBRF-3.10;0;20100304;103241;8217.00000;2
SBRF-3.10;0;20100304;103242;8217.00000;1
SBRF-3.10;0;20100304;103242;8219.00000;4
SBRF-3.10;0;20100304;103242;8216.00000;1
SBRF-3.10;0;20100304;103242;8216.00000;1
SBRF-3.10;0;20100304;103242;8216.00000;4
SBRF-3.10;0;20100304;103242;8216.00000;1
SBRF-3.10;0;20100304;103242;8216.00000;5
SBRF-3.10;0;20100304;103242;8216.00000;2
SBRF-3.10;0;20100304;103242;8215.00000;1
SBRF-3.10;0;20100304;103242;8215.00000;2
SBRF-3.10;0;20100304;103242;8215.00000;5
SBRF-3.10;0;20100304;103242;8215.00000;6
SBRF-3.10;0;20100304;103242;8215.00000;10
SBRF-3.10;0;20100304;103243;8214.00000;4
SBRF-3.10;0;20100304;103243;8214.00000;3
SBRF-3.10;0;20100304;103243;8214.00000;3
SBRF-3.10;0;20100304;103243;8217.00000;36
SBRF-3.10;0;20100304;103243;8213.00000;3
SBRF-3.10;0;20100304;103244;8216.00000;7
SBRF-3.10;0;20100304;103244;8216.00000;1
SBRF-3.10;0;20100304;103244;8215.00000;1
SBRF-3.10;0;20100304;103246;8216.00000;1
SBRF-3.10;0;20100304;103246;8216.00000;9
SBRF-3.10;0;20100304;103247;8216.00000;1
SBRF-3.10;0;20100304;103247;8216.00000;2
SBRF-3.10;0;20100304;103247;8215.00000;40
SBRF-3.10;0;20100304;103248;8215.00000;10
SBRF-3.10;0;20100304;103249;8216.00000;1
SBRF-3.10;0;20100304;103250;8216.00000;3
SBRF-3.10;0;20100304;103251;8216.00000;1
SBRF-3.10;0;20100304;103252;8216.00000;2
SBRF-3.10;0;20100304;103252;8215.00000;1
SBRF-3.10;0;20100304;103252;8215.00000;2
SBRF-3.10;0;20100304;103252;8216.00000;1
SBRF-3.10;0;20100304;103253;8215.00000;3
SBRF-3.10;0;20100304;103253;8215.00000;1
SBRF-3.10;0;20100304;103253;8215.00000;1
SBRF-3.10;0;20100304;103253;8217.00000;4
SBRF-3.10;0;20100304;103254;8222.00000;1
SBRF-3.10;0;20100304;103254;8216.00000;1
SBRF-3.10;0;20100304;103254;8216.00000;1
SBRF-3.10;0;20100304;103254;8216.00000;1
SBRF-3.10;0;20100304;103254;8216.00000;20
SBRF-3.10;0;20100304;103255;8219.00000;1
SBRF-3.10;0;20100304;103255;8219.00000;11
SBRF-3.10;0;20100304;103256;8217.00000;1
SBRF-3.10;0;20100304;103256;8217.00000;9
SBRF-3.10;0;20100304;103256;8217.00000;1
SBRF-3.10;0;20100304;103256;8218.00000;2
SBRF-3.10;0;20100304;103257;8216.00000;9
SBRF-3.10;0;20100304;103257;8216.00000;1
SBRF-3.10;0;20100304;103257;8218.00000;8
SBRF-3.10;0;20100304;103257;8218.00000;45
SBRF-3.10;0;20100304;103257;8218.00000;16
SBRF-3.10;0;20100304;103257;8219.00000;2
SBRF-3.10;0;20100304;103257;8218.00000;8
SBRF-3.10;0;20100304;103257;8218.00000;8
SBRF-3.10;0;20100304;103257;8218.00000;4
SBRF-3.10;0;20100304;103257;8219.00000;8
SBRF-3.10;0;20100304;103257;8219.00000;1
SBRF-3.10;0;20100304;103257;8218.00000;1
SBRF-3.10;0;20100304;103257;8218.00000;33
SBRF-3.10;0;20100304;103257;8218.00000;1
SBRF-3.10;0;20100304;103258;8219.00000;1
SBRF-3.10;0;20100304;103258;8219.00000;2
SBRF-3.10;0;20100304;103259;8218.00000;1
SBRF-3.10;0;20100304;103259;8219.00000;8
SBRF-3.10;0;20100304;103300;8220.00000;2
SBRF-3.10;0;20100304;103301;8217.00000;10
SBRF-3.10;0;20100304;103301;8220.00000;3
SBRF-3.10;0;20100304;103301;8220.00000;9
SBRF-3.10;0;20100304;103303;8220.00000;12
SBRF-3.10;0;20100304;103303;8222.00000;1
SBRF-3.10;0;20100304;103303;8220.00000;6
SBRF-3.10;0;20100304;103303;8224.00000;6
SBRF-3.10;0;20100304;103303;8224.00000;11
SBRF-3.10;0;20100304;103303;8225.00000;1
SBRF-3.10;0;20100304;103303;8225.00000;1
SBRF-3.10;0;20100304;103303;8225.00000;2
SBRF-3.10;0;20100304;103303;8225.00000;1
SBRF-3.10;0;20100304;103303;8226.00000;4
SBRF-3.10;0;20100304;103303;8226.00000;12
SBRF-3.10;0;20100304;103303;8227.00000;22
SBRF-3.10;0;20100304;103303;8228.00000;2
SBRF-3.10;0;20100304;103303;8228.00000;12
SBRF-3.10;0;20100304;103303;8229.00000;15
SBRF-3.10;0;20100304;103303;8219.00000;28
SBRF-3.10;0;20100304;103304;8224.00000;22
SBRF-3.10;0;20100304;103304;8223.00000;8
SBRF-3.10;0;20100304;103304;8227.00000;11
SBRF-3.10;0;20100304;103305;8227.00000;2
SBRF-3.10;0;20100304;103305;8222.00000;11
SBRF-3.10;0;20100304;103305;8222.00000;8
SBRF-3.10;0;20100304;103305;8222.00000;1
SBRF-3.10;0;20100304;103305;8224.00000;1
SBRF-3.10;0;20100304;103305;8224.00000;8
SBRF-3.10;0;20100304;103305;8224.00000;1
SBRF-3.10;0;20100304;103306;8224.00000;1
SBRF-3.10;0;20100304;103306;8226.00000;1
SBRF-3.10;0;20100304;103306;8228.00000;23
SBRF-3.10;0;20100304;103307;8224.00000;1
SBRF-3.10;0;20100304;103307;8226.00000;3
SBRF-3.10;0;20100304;103307;8227.00000;9
SBRF-3.10;0;20100304;103307;8228.00000;5
SBRF-3.10;0;20100304;103307;8228.00000;12
SBRF-3.10;0;20100304;103308;8224.00000;4
SBRF-3.10;0;20100304;103308;8225.00000;8
SBRF-3.10;0;20100304;103308;8225.00000;8
SBRF-3.10;0;20100304;103308;8224.00000;1
SBRF-3.10;0;20100304;103308;8229.00000;3
SBRF-3.10;0;20100304;103308;8226.00000;10
SBRF-3.10;0;20100304;103308;8221.00000;9
SBRF-3.10;0;20100304;103308;8219.00000;6
SBRF-3.10;0;20100304;103308;8218.00000;16
SBRF-3.10;0;20100304;103308;8218.00000;50
SBRF-3.10;0;20100304;103308;8217.00000;5
SBRF-3.10;0;20100304;103308;8217.00000;24
SBRF-3.10;0;20100304;103309;8227.00000;1
SBRF-3.10;0;20100304;103309;8227.00000;1
SBRF-3.10;0;20100304;103309;8224.00000;9
SBRF-3.10;0;20100304;103310;8220.00000;4
SBRF-3.10;0;20100304;103311;8225.00000;16
SBRF-3.10;0;20100304;103311;8220.00000;1
SBRF-3.10;0;20100304;103311;8220.00000;1
SBRF-3.10;0;20100304;103311;8220.00000;48
SBRF-3.10;0;20100304;103311;8220.00000;52
SBRF-3.10;0;20100304;103311;8221.00000;14
SBRF-3.10;0;20100304;103312;8223.00000;8
SBRF-3.10;0;20100304;103313;8222.00000;5
SBRF-3.10;0;20100304;103313;8225.00000;1
SBRF-3.10;0;20100304;103314;8220.00000;2
SBRF-3.10;0;20100304;103317;8223.00000;5
SBRF-3.10;0;20100304;103317;8223.00000;13
SBRF-3.10;0;20100304;103318;8222.00000;1
SBRF-3.10;0;20100304;103318;8220.00000;1
SBRF-3.10;0;20100304;103319;8220.00000;9
SBRF-3.10;0;20100304;103319;8221.00000;9
SBRF-3.10;0;20100304;103319;8220.00000;6
SBRF-3.10;0;20100304;103319;8220.00000;1
SBRF-3.10;0;20100304;103319;8220.00000;5
SBRF-3.10;0;20100304;103319;8219.00000;1
SBRF-3.10;0;20100304;103319;8219.00000;1
SBRF-3.10;0;20100304;103320;8225.00000;14
SBRF-3.10;0;20100304;103321;8220.00000;2
SBRF-3.10;0;20100304;103321;8223.00000;16
SBRF-3.10;0;20100304;103321;8224.00000;8
SBRF-3.10;0;20100304;103322;8224.00000;5
SBRF-3.10;0;20100304;103322;8225.00000;1
SBRF-3.10;0;20100304;103322;8225.00000;5
SBRF-3.10;0;20100304;103322;8225.00000;10
SBRF-3.10;0;20100304;103323;8225.00000;17
SBRF-3.10;0;20100304;103323;8225.00000;20
SBRF-3.10;0;20100304;103323;8225.00000;18
SBRF-3.10;0;20100304;103323;8222.00000;4
SBRF-3.10;0;20100304;103324;8224.00000;24
SBRF-3.10;0;20100304;103324;8224.00000;16
SBRF-3.10;0;20100304;103324;8224.00000;10
SBRF-3.10;0;20100304;103324;8225.00000;2
SBRF-3.10;0;20100304;103324;8225.00000;12
SBRF-3.10;0;20100304;103326;8225.00000;2
SBRF-3.10;0;20100304;103326;8225.00000;2
SBRF-3.10;0;20100304;103326;8222.00000;5
SBRF-3.10;0;20100304;103326;8225.00000;1
SBRF-3.10;0;20100304;103327;8221.00000;5
SBRF-3.10;0;20100304;103327;8221.00000;1
SBRF-3.10;0;20100304;103327;8222.00000;4
SBRF-3.10;0;20100304;103327;8226.00000;10
SBRF-3.10;0;20100304;103328;8224.00000;2
SBRF-3.10;0;20100304;103329;8226.00000;1
SBRF-3.10;0;20100304;103329;8227.00000;26
SBRF-3.10;0;20100304;103329;8227.00000;12
SBRF-3.10;0;20100304;103330;8225.00000;4
SBRF-3.10;0;20100304;103331;8224.00000;2
SBRF-3.10;0;20100304;103331;8226.00000;4
SBRF-3.10;0;20100304;103331;8225.00000;2
SBRF-3.10;0;20100304;103331;8225.00000;1
SBRF-3.10;0;20100304;103331;8225.00000;1
SBRF-3.10;0;20100304;103331;8224.00000;56
SBRF-3.10;0;20100304;103333;8225.00000;2
SBRF-3.10;0;20100304;103333;8225.00000;4
SBRF-3.10;0;20100304;103333;8226.00000;2
SBRF-3.10;0;20100304;103333;8228.00000;1
SBRF-3.10;0;20100304;103335;8228.00000;10
SBRF-3.10;0;20100304;103335;8228.00000;10
SBRF-3.10;0;20100304;103335;8229.00000;4
SBRF-3.10;0;20100304;103335;8224.00000;4
SBRF-3.10;0;20100304;103335;8224.00000;16
SBRF-3.10;0;20100304;103336;8225.00000;1
SBRF-3.10;0;20100304;103336;8223.00000;8
SBRF-3.10;0;20100304;103336;8223.00000;5
SBRF-3.10;0;20100304;103336;8223.00000;6
SBRF-3.10;0;20100304;103336;8222.00000;1
SBRF-3.10;0;20100304;103336;8222.00000;11
SBRF-3.10;0;20100304;103336;8222.00000;1
SBRF-3.10;0;20100304;103336;8221.00000;5
SBRF-3.10;0;20100304;103336;8221.00000;7
SBRF-3.10;0;20100304;103336;8221.00000;5
SBRF-3.10;0;20100304;103336;8227.00000;4
SBRF-3.10;0;20100304;103336;8228.00000;10
SBRF-3.10;0;20100304;103336;8228.00000;6
SBRF-3.10;0;20100304;103336;8229.00000;39
SBRF-3.10;0;20100304;103336;8229.00000;6
SBRF-3.10;0;20100304;103336;8229.00000;7
SBRF-3.10;0;20100304;103337;8229.00000;13
SBRF-3.10;0;20100304;103337;8229.00000;6
SBRF-3.10;0;20100304;103337;8229.00000;6
SBRF-3.10;0;20100304;103337;8229.00000;5
SBRF-3.10;0;20100304;103338;8226.00000;11
SBRF-3.10;0;20100304;103339;8230.00000;1
SBRF-3.10;0;20100304;103339;8228.00000;4
SBRF-3.10;0;20100304;103340;8228.00000;2
SBRF-3.10;0;20100304;103340;8228.00000;1
SBRF-3.10;0;20100304;103341;8228.00000;30
SBRF-3.10;0;20100304;103343;8228.00000;14
SBRF-3.10;0;20100304;103344;8224.00000;14
SBRF-3.10;0;20100304;103345;8223.00000;4
SBRF-3.10;0;20100304;103345;8223.00000;2
SBRF-3.10;0;20100304;103349;8226.00000;4
SBRF-3.10;0;20100304;103349;8227.00000;20
SBRF-3.10;0;20100304;103349;8225.00000;1
SBRF-3.10;0;20100304;103351;8226.00000;3
SBRF-3.10;0;20100304;103351;8224.00000;4
SBRF-3.10;0;20100304;103351;8222.00000;2
SBRF-3.10;0;20100304;103351;8222.00000;4
SBRF-3.10;0;20100304;103352;8225.00000;1
SBRF-3.10;0;20100304;103352;8225.00000;2
SBRF-3.10;0;20100304;103353;8223.00000;1
SBRF-3.10;0;20100304;103354;8223.00000;9
SBRF-3.10;0;20100304;103355;8225.00000;14
SBRF-3.10;0;20100304;103357;8225.00000;24
SBRF-3.10;0;20100304;103357;8224.00000;10
SBRF-3.10;0;20100304;103359;8223.00000;1
SBRF-3.10;0;20100304;103359;8222.00000;4
SBRF-3.10;0;20100304;103359;8222.00000;15
SBRF-3.10;0;20100304;103359;8222.00000;62
SBRF-3.10;0;20100304;103359;8222.00000;88
SBRF-3.10;0;20100304;103400;8221.00000;5
SBRF-3.10;0;20100304;103401;8223.00000;1
SBRF-3.10;0;20100304;103401;8221.00000;20
SBRF-3.10;0;20100304;103401;8221.00000;16
SBRF-3.10;0;20100304;103401;8222.00000;5
SBRF-3.10;0;20100304;103401;8224.00000;4
SBRF-3.10;0;20100304;103401;8225.00000;5
SBRF-3.10;0;20100304;103401;8221.00000;4
SBRF-3.10;0;20100304;103403;8220.00000;8
SBRF-3.10;0;20100304;103403;8220.00000;1
SBRF-3.10;0;20100304;103403;8220.00000;10
SBRF-3.10;0;20100304;103403;8220.00000;5
SBRF-3.10;0;20100304;103403;8220.00000;15
SBRF-3.10;0;20100304;103403;8220.00000;12
SBRF-3.10;0;20100304;103403;8220.00000;5
SBRF-3.10;0;20100304;103403;8220.00000;5
SBRF-3.10;0;20100304;103403;8220.00000;10
SBRF-3.10;0;20100304;103404;8220.00000;4
SBRF-3.10;0;20100304;103405;8219.00000;4
SBRF-3.10;0;20100304;103405;8219.00000;5
SBRF-3.10;0;20100304;103408;8218.00000;5
SBRF-3.10;0;20100304;103409;8219.00000;2
SBRF-3.10;0;20100304;103409;8219.00000;3
SBRF-3.10;0;20100304;103409;8219.00000;1
SBRF-3.10;0;20100304;103409;8220.00000;2
SBRF-3.10;0;20100304;103411;8220.00000;6
SBRF-3.10;0;20100304;103411;8219.00000;3
SBRF-3.10;0;20100304;103411;8218.00000;1
SBRF-3.10;0;20100304;103411;8218.00000;4
SBRF-3.10;0;20100304;103412;8218.00000;4
SBRF-3.10;0;20100304;103412;8218.00000;4
SBRF-3.10;0;20100304;103413;8218.00000;9
SBRF-3.10;0;20100304;103413;8218.00000;2
SBRF-3.10;0;20100304;103415;8219.00000;4
SBRF-3.10;0;20100304;103415;8220.00000;16
SBRF-3.10;0;20100304;103418;8219.00000;1
SBRF-3.10;0;20100304;103418;8219.00000;10
SBRF-3.10;0;20100304;103418;8220.00000;19
SBRF-3.10;0;20100304;103419;8218.00000;6
SBRF-3.10;0;20100304;103419;8218.00000;5
SBRF-3.10;0;20100304;103419;8218.00000;5
SBRF-3.10;0;20100304;103419;8218.00000;1
SBRF-3.10;0;20100304;103419;8218.00000;38
SBRF-3.10;0;20100304;103420;8220.00000;20
SBRF-3.10;0;20100304;103421;8219.00000;8
SBRF-3.10;0;20100304;103421;8220.00000;6
SBRF-3.10;0;20100304;103421;8219.00000;16
SBRF-3.10;0;20100304;103422;8219.00000;1
SBRF-3.10;0;20100304;103422;8220.00000;1
SBRF-3.10;0;20100304;103422;8220.00000;26
SBRF-3.10;0;20100304;103422;8220.00000;1
SBRF-3.10;0;20100304;103422;8220.00000;2
SBRF-3.10;0;20100304;103423;8220.00000;2
SBRF-3.10;0;20100304;103423;8220.00000;2
SBRF-3.10;0;20100304;103423;8220.00000;5
SBRF-3.10;0;20100304;103424;8219.00000;4
SBRF-3.10;0;20100304;103424;8220.00000;189
SBRF-3.10;0;20100304;103425;8220.00000;1
SBRF-3.10;0;20100304;103426;8220.00000;5
SBRF-3.10;0;20100304;103427;8220.00000;20
SBRF-3.10;0;20100304;103427;8220.00000;1
SBRF-3.10;0;20100304;103427;8220.00000;100
SBRF-3.10;0;20100304;103427;8220.00000;2
SBRF-3.10;0;20100304;103428;8220.00000;150
SBRF-3.10;0;20100304;103428;8220.00000;10
SBRF-3.10;0;20100304;103428;8220.00000;11
SBRF-3.10;0;20100304;103428;8220.00000;1
SBRF-3.10;0;20100304;103428;8220.00000;2
SBRF-3.10;0;20100304;103428;8220.00000;1
SBRF-3.10;0;20100304;103428;8220.00000;51
SBRF-3.10;0;20100304;103428;8221.00000;10
SBRF-3.10;0;20100304;103429;8222.00000;5
SBRF-3.10;0;20100304;103429;8225.00000;9
SBRF-3.10;0;20100304;103429;8220.00000;1
SBRF-3.10;0;20100304;103429;8220.00000;16
SBRF-3.10;0;20100304;103429;8219.00000;5
SBRF-3.10;0;20100304;103429;8219.00000;5
SBRF-3.10;0;20100304;103429;8219.00000;11
SBRF-3.10;0;20100304;103430;8220.00000;5
SBRF-3.10;0;20100304;103430;8220.00000;11
SBRF-3.10;0;20100304;103430;8224.00000;1
SBRF-3.10;0;20100304;103430;8224.00000;6
SBRF-3.10;0;20100304;103431;8223.00000;8
SBRF-3.10;0;20100304;103431;8221.00000;12
SBRF-3.10;0;20100304;103431;8220.00000;5
SBRF-3.10;0;20100304;103431;8220.00000;7
SBRF-3.10;0;20100304;103431;8219.00000;50
SBRF-3.10;0;20100304;103431;8218.00000;11
SBRF-3.10;0;20100304;103431;8218.00000;10
SBRF-3.10;0;20100304;103431;8218.00000;5
SBRF-3.10;0;20100304;103431;8218.00000;12
SBRF-3.10;0;20100304;103431;8218.00000;2
SBRF-3.10;0;20100304;103431;8218.00000;10
SBRF-3.10;0;20100304;103432;8218.00000;50
SBRF-3.10;0;20100304;103432;8218.00000;152
SBRF-3.10;0;20100304;103432;8218.00000;15
SBRF-3.10;0;20100304;103432;8218.00000;2
SBRF-3.10;0;20100304;103432;8218.00000;100
SBRF-3.10;0;20100304;103432;8218.00000;49
SBRF-3.10;0;20100304;103432;8218.00000;10
SBRF-3.10;0;20100304;103432;8218.00000;6
SBRF-3.10;0;20100304;103432;8220.00000;10
SBRF-3.10;0;20100304;103433;8224.00000;1
SBRF-3.10;0;20100304;103434;8224.00000;15
SBRF-3.10;0;20100304;103434;8224.00000;24
SBRF-3.10;0;20100304;103434;8225.00000;4
SBRF-3.10;0;20100304;103434;8224.00000;12
SBRF-3.10;0;20100304;103435;8224.00000;8
SBRF-3.10;0;20100304;103435;8224.00000;4
SBRF-3.10;0;20100304;103435;8224.00000;40
SBRF-3.10;0;20100304;103435;8225.00000;3
SBRF-3.10;0;20100304;103436;8224.00000;47
SBRF-3.10;0;20100304;103436;8224.00000;24
SBRF-3.10;0;20100304;103437;8224.00000;23
SBRF-3.10;0;20100304;103437;8224.00000;1
SBRF-3.10;0;20100304;103437;8223.00000;5
SBRF-3.10;0;20100304;103438;8222.00000;12
SBRF-3.10;0;20100304;103438;8222.00000;10
SBRF-3.10;0;20100304;103438;8221.00000;4
SBRF-3.10;0;20100304;103438;8221.00000;7
SBRF-3.10;0;20100304;103439;8224.00000;5
SBRF-3.10;0;20100304;103439;8224.00000;4
SBRF-3.10;0;20100304;103439;8225.00000;6
SBRF-3.10;0;20100304;103440;8225.00000;3
SBRF-3.10;0;20100304;103441;8225.00000;4
SBRF-3.10;0;20100304;103441;8223.00000;4
SBRF-3.10;0;20100304;103441;8225.00000;6
SBRF-3.10;0;20100304;103442;8225.00000;25
SBRF-3.10;0;20100304;103447;8225.00000;1
SBRF-3.10;0;20100304;103448;8224.00000;11
SBRF-3.10;0;20100304;103448;8225.00000;3
SBRF-3.10;0;20100304;103449;8223.00000;1
SBRF-3.10;0;20100304;103449;8223.00000;10
SBRF-3.10;0;20100304;103451;8223.00000;100
SBRF-3.10;0;20100304;103451;8222.00000;1
SBRF-3.10;0;20100304;103451;8224.00000;10
SBRF-3.10;0;20100304;103452;8222.00000;3
SBRF-3.10;0;20100304;103452;8225.00000;20
SBRF-3.10;0;20100304;103452;8225.00000;1
SBRF-3.10;0;20100304;103452;8225.00000;72
SBRF-3.10;0;20100304;103452;8225.00000;1
SBRF-3.10;0;20100304;103452;8225.00000;1
SBRF-3.10;0;20100304;103453;8225.00000;24
SBRF-3.10;0;20100304;103455;8225.00000;1
SBRF-3.10;0;20100304;103456;8223.00000;23
SBRF-3.10;0;20100304;103457;8221.00000;2
SBRF-3.10;0;20100304;103458;8221.00000;5
SBRF-3.10;0;20100304;103458;8221.00000;16
SBRF-3.10;0;20100304;103458;8220.00000;10
SBRF-3.10;0;20100304;103458;8220.00000;1
SBRF-3.10;0;20100304;103458;8220.00000;2
SBRF-3.10;0;20100304;103458;8220.00000;5
SBRF-3.10;0;20100304;103458;8220.00000;10
SBRF-3.10;0;20100304;103458;8220.00000;15
SBRF-3.10;0;20100304;103458;8220.00000;3
SBRF-3.10;0;20100304;103458;8220.00000;23
SBRF-3.10;0;20100304;103458;8222.00000;4
SBRF-3.10;0;20100304;103458;8222.00000;1
SBRF-3.10;0;20100304;103458;8221.00000;2
SBRF-3.10;0;20100304;103500;8221.00000;10
SBRF-3.10;0;20100304;103500;8221.00000;4
SBRF-3.10;0;20100304;103500;8221.00000;2
SBRF-3.10;0;20100304;103500;8221.00000;9
SBRF-3.10;0;20100304;103500;8222.00000;2
SBRF-3.10;0;20100304;103500;8224.00000;4
SBRF-3.10;0;20100304;103500;8224.00000;21
SBRF-3.10;0;20100304;103501;8223.00000;4
SBRF-3.10;0;20100304;103501;8223.00000;18
SBRF-3.10;0;20100304;103501;8221.00000;3
SBRF-3.10;0;20100304;103501;8221.00000;10
SBRF-3.10;0;20100304;103502;8224.00000;14
SBRF-3.10;0;20100304;103502;8221.00000;1
SBRF-3.10;0;20100304;103503;8221.00000;2
SBRF-3.10;0;20100304;103503;8221.00000;2
SBRF-3.10;0;20100304;103503;8221.00000;1
SBRF-3.10;0;20100304;103503;8221.00000;2
SBRF-3.10;0;20100304;103503;8221.00000;4
SBRF-3.10;0;20100304;103503;8221.00000;9
SBRF-3.10;0;20100304;103503;8221.00000;3
SBRF-3.10;0;20100304;103504;8221.00000;1
SBRF-3.10;0;20100304;103504;8221.00000;1
SBRF-3.10;0;20100304;103505;8220.00000;52
SBRF-3.10;0;20100304;103505;8221.00000;10
SBRF-3.10;0;20100304;103505;8221.00000;10
SBRF-3.10;0;20100304;103505;8220.00000;15
SBRF-3.10;0;20100304;103505;8220.00000;15
SBRF-3.10;0;20100304;103505;8220.00000;2
SBRF-3.10;0;20100304;103507;8220.00000;11
SBRF-3.10;0;20100304;103507;8220.00000;2
SBRF-3.10;0;20100304;103508;8219.00000;1
SBRF-3.10;0;20100304;103508;8219.00000;10
SBRF-3.10;0;20100304;103508;8218.00000;2
SBRF-3.10;0;20100304;103508;8218.00000;2
SBRF-3.10;0;20100304;103508;8217.00000;2
SBRF-3.10;0;20100304;103508;8217.00000;5
SBRF-3.10;0;20100304;103508;8217.00000;5
SBRF-3.10;0;20100304;103508;8217.00000;23
SBRF-3.10;0;20100304;103509;8220.00000;20
SBRF-3.10;0;20100304;103509;8219.00000;55
SBRF-3.10;0;20100304;103509;8220.00000;45
SBRF-3.10;0;20100304;103509;8220.00000;9
SBRF-3.10;0;20100304;103509;8218.00000;5
SBRF-3.10;0;20100304;103510;8218.00000;5
SBRF-3.10;0;20100304;103511;8218.00000;10
SBRF-3.10;0;20100304;103511;8217.00000;24
SBRF-3.10;0;20100304;103511;8217.00000;3
SBRF-3.10;0;20100304;103511;8217.00000;21
SBRF-3.10;0;20100304;103512;8220.00000;14
SBRF-3.10;0;20100304;103512;8221.00000;16
SBRF-3.10;0;20100304;103512;8222.00000;4
SBRF-3.10;0;20100304;103512;8222.00000;14
SBRF-3.10;0;20100304;103512;8222.00000;4
SBRF-3.10;0;20100304;103512;8220.00000;28
SBRF-3.10;0;20100304;103512;8221.00000;14
SBRF-3.10;0;20100304;103513;8218.00000;4
SBRF-3.10;0;20100304;103513;8217.00000;11
SBRF-3.10;0;20100304;103513;8217.00000;20
SBRF-3.10;0;20100304;103513;8218.00000;4
SBRF-3.10;0;20100304;103513;8219.00000;1
SBRF-3.10;0;20100304;103514;8219.00000;2
SBRF-3.10;0;20100304;103514;8219.00000;8
SBRF-3.10;0;20100304;103514;8216.00000;2
SBRF-3.10;0;20100304;103515;8218.00000;5
SBRF-3.10;0;20100304;103515;8218.00000;5
SBRF-3.10;0;20100304;103515;8218.00000;75
SBRF-3.10;0;20100304;103515;8216.00000;2
SBRF-3.10;0;20100304;103516;8215.00000;2
SBRF-3.10;0;20100304;103516;8215.00000;1
SBRF-3.10;0;20100304;103516;8215.00000;1
SBRF-3.10;0;20100304;103516;8216.00000;12
SBRF-3.10;0;20100304;103517;8215.00000;1
SBRF-3.10;0;20100304;103518;8215.00000;1
SBRF-3.10;0;20100304;103520;8217.00000;5
SBRF-3.10;0;20100304;103520;8219.00000;4
SBRF-3.10;0;20100304;103521;8220.00000;7
SBRF-3.10;0;20100304;103521;8220.00000;2
SBRF-3.10;0;20100304;103522;8221.00000;14
SBRF-3.10;0;20100304;103522;8221.00000;1
SBRF-3.10;0;20100304;103523;8220.00000;2
SBRF-3.10;0;20100304;103523;8219.00000;1
SBRF-3.10;0;20100304;103523;8219.00000;2
SBRF-3.10;0;20100304;103524;8220.00000;3
SBRF-3.10;0;20100304;103524;8220.00000;5
SBRF-3.10;0;20100304;103524;8221.00000;24
SBRF-3.10;0;20100304;103526;8219.00000;1
SBRF-3.10;0;20100304;103527;8221.00000;1
SBRF-3.10;0;20100304;103527;8221.00000;4
SBRF-3.10;0;20100304;103528;8222.00000;4
SBRF-3.10;0;20100304;103529;8221.00000;2
SBRF-3.10;0;20100304;103529;8220.00000;28
SBRF-3.10;0;20100304;103529;8221.00000;40
SBRF-3.10;0;20100304;103529;8221.00000;4
SBRF-3.10;0;20100304;103529;8222.00000;9
SBRF-3.10;0;20100304;103530;8223.00000;1
SBRF-3.10;0;20100304;103530;8223.00000;2
SBRF-3.10;0;20100304;103531;8224.00000;3
SBRF-3.10;0;20100304;103531;8223.00000;9
SBRF-3.10;0;20100304;103531;8222.00000;1
SBRF-3.10;0;20100304;103531;8224.00000;4
SBRF-3.10;0;20100304;103531;8224.00000;12
SBRF-3.10;0;20100304;103532;8223.00000;7
SBRF-3.10;0;20100304;103532;8223.00000;5
SBRF-3.10;0;20100304;103532;8224.00000;9
SBRF-3.10;0;20100304;103533;8223.00000;2
SBRF-3.10;0;20100304;103534;8225.00000;5
SBRF-3.10;0;20100304;103534;8224.00000;2
SBRF-3.10;0;20100304;103535;8224.00000;38
SBRF-3.10;0;20100304;103535;8225.00000;9
SBRF-3.10;0;20100304;103535;8222.00000;4
SBRF-3.10;0;20100304;103535;8222.00000;10
SBRF-3.10;0;20100304;103535;8221.00000;5
SBRF-3.10;0;20100304;103535;8221.00000;4
SBRF-3.10;0;20100304;103535;8221.00000;4
SBRF-3.10;0;20100304;103535;8221.00000;9
SBRF-3.10;0;20100304;103535;8221.00000;3
SBRF-3.10;0;20100304;103535;8221.00000;4
SBRF-3.10;0;20100304;103535;8220.00000;47
SBRF-3.10;0;20100304;103535;8220.00000;1
SBRF-3.10;0;20100304;103535;8220.00000;90
SBRF-3.10;0;20100304;103535;8220.00000;4
SBRF-3.10;0;20100304;103535;8220.00000;5
SBRF-3.10;0;20100304;103535;8220.00000;9
SBRF-3.10;0;20100304;103535;8219.00000;28
SBRF-3.10;0;20100304;103536;8223.00000;8
SBRF-3.10;0;20100304;103536;8223.00000;1
SBRF-3.10;0;20100304;103537;8224.00000;4
SBRF-3.10;0;20100304;103537;8225.00000;7
SBRF-3.10;0;20100304;103537;8225.00000;50
SBRF-3.10;0;20100304;103538;8225.00000;3
SBRF-3.10;0;20100304;103539;8223.00000;10
SBRF-3.10;0;20100304;103539;8224.00000;6
SBRF-3.10;0;20100304;103539;8222.00000;5
SBRF-3.10;0;20100304;103539;8222.00000;4
SBRF-3.10;0;20100304;103539;8221.00000;3
SBRF-3.10;0;20100304;103539;8224.00000;2
SBRF-3.10;0;20100304;103539;8223.00000;1
SBRF-3.10;0;20100304;103540;8223.00000;1
SBRF-3.10;0;20100304;103541;8221.00000;1
SBRF-3.10;0;20100304;103542;8221.00000;1
SBRF-3.10;0;20100304;103542;8223.00000;4
SBRF-3.10;0;20100304;103546;8224.00000;1
SBRF-3.10;0;20100304;103550;8224.00000;2
SBRF-3.10;0;20100304;103550;8222.00000;1
SBRF-3.10;0;20100304;103550;8221.00000;1
SBRF-3.10;0;20100304;103550;8221.00000;4
SBRF-3.10;0;20100304;103550;8221.00000;1
SBRF-3.10;0;20100304;103550;8225.00000;10
SBRF-3.10;0;20100304;103550;8225.00000;6
SBRF-3.10;0;20100304;103551;8224.00000;25
SBRF-3.10;0;20100304;103553;8221.00000;1
SBRF-3.10;0;20100304;103553;8221.00000;9
SBRF-3.10;0;20100304;103553;8224.00000;4
SBRF-3.10;0;20100304;103554;8225.00000;14
SBRF-3.10;0;20100304;103554;8224.00000;18
SBRF-3.10;0;20100304;103554;8225.00000;1
SBRF-3.10;0;20100304;103600;8225.00000;1
SBRF-3.10;0;20100304;103601;8224.00000;10
SBRF-3.10;0;20100304;103601;8225.00000;2
SBRF-3.10;0;20100304;103601;8225.00000;6
SBRF-3.10;0;20100304;103601;8225.00000;1
SBRF-3.10;0;20100304;103603;8225.00000;86
SBRF-3.10;0;20100304;103603;8225.00000;3
SBRF-3.10;0;20100304;103603;8225.00000;1
SBRF-3.10;0;20100304;103604;8225.00000;1
SBRF-3.10;0;20100304;103604;8225.00000;4
SBRF-3.10;0;20100304;103604;8225.00000;15
SBRF-3.10;0;20100304;103606;8225.00000;3
SBRF-3.10;0;20100304;103608;8224.00000;2
SBRF-3.10;0;20100304;103609;8225.00000;18
SBRF-3.10;0;20100304;103610;8225.00000;4
SBRF-3.10;0;20100304;103611;8225.00000;2
SBRF-3.10;0;20100304;103611;8225.00000;1
SBRF-3.10;0;20100304;103612;8225.00000;4
SBRF-3.10;0;20100304;103613;8224.00000;10
SBRF-3.10;0;20100304;103613;8224.00000;4
SBRF-3.10;0;20100304;103613;8225.00000;2
SBRF-3.10;0;20100304;103613;8222.00000;34
SBRF-3.10;0;20100304;103614;8224.00000;5
SBRF-3.10;0;20100304;103614;8226.00000;5
SBRF-3.10;0;20100304;103614;8226.00000;4
SBRF-3.10;0;20100304;103614;8226.00000;1
SBRF-3.10;0;20100304;103614;8225.00000;4
SBRF-3.10;0;20100304;103614;8226.00000;4
SBRF-3.10;0;20100304;103614;8226.00000;8
SBRF-3.10;0;20100304;103615;8225.00000;1
SBRF-3.10;0;20100304;103616;8226.00000;8
SBRF-3.10;0;20100304;103616;8227.00000;1
SBRF-3.10;0;20100304;103616;8227.00000;1
SBRF-3.10;0;20100304;103616;8227.00000;2
SBRF-3.10;0;20100304;103617;8227.00000;1
SBRF-3.10;0;20100304;103620;8227.00000;7
SBRF-3.10;0;20100304;103620;8227.00000;5
SBRF-3.10;0;20100304;103620;8227.00000;5
SBRF-3.10;0;20100304;103620;8227.00000;33
SBRF-3.10;0;20100304;103621;8226.00000;2
SBRF-3.10;0;20100304;103621;8226.00000;1
SBRF-3.10;0;20100304;103622;8228.00000;2
SBRF-3.10;0;20100304;103623;8228.00000;2
SBRF-3.10;0;20100304;103626;8227.00000;1
SBRF-3.10;0;20100304;103626;8227.00000;1
SBRF-3.10;0;20100304;103626;8228.00000;19
SBRF-3.10;0;20100304;103626;8228.00000;23
SBRF-3.10;0;20100304;103626;8228.00000;12
SBRF-3.10;0;20100304;103626;8228.00000;1
SBRF-3.10;0;20100304;103627;8229.00000;1
SBRF-3.10;0;20100304;103627;8229.00000;17
SBRF-3.10;0;20100304;103627;8229.00000;2
SBRF-3.10;0;20100304;103627;8229.00000;10
SBRF-3.10;0;20100304;103627;8229.00000;15
SBRF-3.10;0;20100304;103627;8229.00000;2
SBRF-3.10;0;20100304;103627;8229.00000;2
SBRF-3.10;0;20100304;103627;8229.00000;10
SBRF-3.10;0;20100304;103628;8230.00000;39
SBRF-3.10;0;20100304;103628;8230.00000;160
SBRF-3.10;0;20100304;103628;8230.00000;1
SBRF-3.10;0;20100304;103628;8228.00000;1
SBRF-3.10;0;20100304;103629;8230.00000;7
SBRF-3.10;0;20100304;103629;8230.00000;16
SBRF-3.10;0;20100304;103629;8230.00000;1
SBRF-3.10;0;20100304;103631;8230.00000;1
SBRF-3.10;0;20100304;103631;8229.00000;2
SBRF-3.10;0;20100304;103631;8230.00000;3
SBRF-3.10;0;20100304;103631;8229.00000;1
SBRF-3.10;0;20100304;103631;8229.00000;2
SBRF-3.10;0;20100304;103631;8229.00000;1
SBRF-3.10;0;20100304;103632;8228.00000;1
SBRF-3.10;0;20100304;103632;8229.00000;6
SBRF-3.10;0;20100304;103632;8230.00000;84
SBRF-3.10;0;20100304;103633;8230.00000;87
SBRF-3.10;0;20100304;103633;8230.00000;6
SBRF-3.10;0;20100304;103633;8230.00000;12
SBRF-3.10;0;20100304;103633;8229.00000;1
SBRF-3.10;0;20100304;103633;8229.00000;4
SBRF-3.10;0;20100304;103633;8229.00000;5
SBRF-3.10;0;20100304;103633;8228.00000;32
SBRF-3.10;0;20100304;103634;8228.00000;8
SBRF-3.10;0;20100304;103634;8230.00000;6
SBRF-3.10;0;20100304;103634;8230.00000;25
SBRF-3.10;0;20100304;103635;8229.00000;2
SBRF-3.10;0;20100304;103635;8230.00000;48
SBRF-3.10;0;20100304;103635;8230.00000;50
SBRF-3.10;0;20100304;103636;8230.00000;12
SBRF-3.10;0;20100304;103636;8230.00000;10
SBRF-3.10;0;20100304;103636;8230.00000;4
SBRF-3.10;0;20100304;103637;8229.00000;10
SBRF-3.10;0;20100304;103638;8229.00000;3
SBRF-3.10;0;20100304;103638;8229.00000;2
SBRF-3.10;0;20100304;103638;8230.00000;48
SBRF-3.10;0;20100304;103638;8230.00000;2
SBRF-3.10;0;20100304;103638;8230.00000;10
SBRF-3.10;0;20100304;103638;8230.00000;150
SBRF-3.10;0;20100304;103638;8230.00000;5
SBRF-3.10;0;20100304;103638;8230.00000;100
SBRF-3.10;0;20100304;103639;8230.00000;2
SBRF-3.10;0;20100304;103640;8230.00000;10
SBRF-3.10;0;20100304;103641;8230.00000;2
SBRF-3.10;0;20100304;103642;8230.00000;2
SBRF-3.10;0;20100304;103643;8230.00000;5
SBRF-3.10;0;20100304;103643;8230.00000;150
SBRF-3.10;0;20100304;103643;8230.00000;100
SBRF-3.10;0;20100304;103643;8229.00000;3
SBRF-3.10;0;20100304;103644;8230.00000;100
SBRF-3.10;0;20100304;103644;8230.00000;10
SBRF-3.10;0;20100304;103644;8230.00000;2
SBRF-3.10;0;20100304;103645;8230.00000;5
SBRF-3.10;0;20100304;103645;8229.00000;1
SBRF-3.10;0;20100304;103646;8229.00000;1
SBRF-3.10;0;20100304;103646;8230.00000;2
SBRF-3.10;0;20100304;103646;8230.00000;40
SBRF-3.10;0;20100304;103646;8230.00000;5
SBRF-3.10;0;20100304;103646;8230.00000;50
SBRF-3.10;0;20100304;103646;8230.00000;80
SBRF-3.10;0;20100304;103646;8230.00000;12
SBRF-3.10;0;20100304;103646;8230.00000;150
SBRF-3.10;0;20100304;103647;8230.00000;15
SBRF-3.10;0;20100304;103647;8230.00000;15
SBRF-3.10;0;20100304;103647;8230.00000;80
SBRF-3.10;0;20100304;103647;8230.00000;10
SBRF-3.10;0;20100304;103647;8230.00000;80
SBRF-3.10;0;20100304;103648;8230.00000;40
SBRF-3.10;0;20100304;103648;8230.00000;9
SBRF-3.10;0;20100304;103648;8230.00000;12
SBRF-3.10;0;20100304;103648;8230.00000;100
SBRF-3.10;0;20100304;103648;8230.00000;1
SBRF-3.10;0;20100304;103648;8230.00000;2
SBRF-3.10;0;20100304;103648;8229.00000;14
SBRF-3.10;0;20100304;103648;8229.00000;5
SBRF-3.10;0;20100304;103648;8229.00000;5
SBRF-3.10;0;20100304;103648;8229.00000;10
SBRF-3.10;0;20100304;103648;8229.00000;1
SBRF-3.10;0;20100304;103649;8229.00000;3
SBRF-3.10;0;20100304;103649;8229.00000;15
SBRF-3.10;0;20100304;103649;8229.00000;5
SBRF-3.10;0;20100304;103649;8229.00000;17
SBRF-3.10;0;20100304;103649;8230.00000;4
SBRF-3.10;0;20100304;103649;8230.00000;1
SBRF-3.10;0;20100304;103649;8230.00000;41
SBRF-3.10;0;20100304;103649;8230.00000;5
SBRF-3.10;0;20100304;103649;8230.00000;100
SBRF-3.10;0;20100304;103650;8230.00000;1
SBRF-3.10;0;20100304;103650;8230.00000;1
SBRF-3.10;0;20100304;103650;8230.00000;30
SBRF-3.10;0;20100304;103650;8229.00000;5
SBRF-3.10;0;20100304;103651;8230.00000;1
SBRF-3.10;0;20100304;103651;8230.00000;37
SBRF-3.10;0;20100304;103651;8230.00000;20
SBRF-3.10;0;20100304;103651;8231.00000;14
SBRF-3.10;0;20100304;103652;8230.00000;2
SBRF-3.10;0;20100304;103652;8230.00000;5
SBRF-3.10;0;20100304;103652;8230.00000;3
SBRF-3.10;0;20100304;103652;8230.00000;8
SBRF-3.10;0;20100304;103652;8230.00000;5
SBRF-3.10;0;20100304;103652;8230.00000;1
SBRF-3.10;0;20100304;103653;8230.00000;4
SBRF-3.10;0;20100304;103653;8230.00000;5
SBRF-3.10;0;20100304;103654;8230.00000;2
SBRF-3.10;0;20100304;103655;8230.00000;13
SBRF-3.10;0;20100304;103655;8231.00000;2
SBRF-3.10;0;20100304;103656;8230.00000;4
SBRF-3.10;0;20100304;103656;8230.00000;5
SBRF-3.10;0;20100304;103656;8231.00000;1
SBRF-3.10;0;20100304;103656;8231.00000;3
SBRF-3.10;0;20100304;103656;8232.00000;3
SBRF-3.10;0;20100304;103656;8232.00000;25
SBRF-3.10;0;20100304;103657;8231.00000;1
SBRF-3.10;0;20100304;103658;8231.00000;4
SBRF-3.10;0;20100304;103658;8232.00000;3
SBRF-3.10;0;20100304;103658;8232.00000;1
SBRF-3.10;0;20100304;103701;8231.00000;5
SBRF-3.10;0;20100304;103702;8231.00000;5
SBRF-3.10;0;20100304;103702;8234.00000;1
SBRF-3.10;0;20100304;103702;8234.00000;3
SBRF-3.10;0;20100304;103703;8234.00000;4
SBRF-3.10;0;20100304;103704;8235.00000;1
SBRF-3.10;0;20100304;103704;8235.00000;1
SBRF-3.10;0;20100304;103704;8235.00000;8
SBRF-3.10;0;20100304;103705;8234.00000;40
SBRF-3.10;0;20100304;103705;8235.00000;6
SBRF-3.10;0;20100304;103705;8235.00000;1
SBRF-3.10;0;20100304;103705;8235.00000;21
SBRF-3.10;0;20100304;103705;8235.00000;9
SBRF-3.10;0;20100304;103705;8236.00000;1
SBRF-3.10;0;20100304;103705;8236.00000;11
SBRF-3.10;0;20100304;103705;8236.00000;11
SBRF-3.10;0;20100304;103706;8235.00000;9
SBRF-3.10;0;20100304;103707;8236.00000;6
SBRF-3.10;0;20100304;103708;8236.00000;2
SBRF-3.10;0;20100304;103708;8233.00000;1
SBRF-3.10;0;20100304;103708;8232.00000;2
SBRF-3.10;0;20100304;103708;8232.00000;1
SBRF-3.10;0;20100304;103708;8232.00000;1
SBRF-3.10;0;20100304;103709;8234.00000;1
SBRF-3.10;0;20100304;103711;8235.00000;5
SBRF-3.10;0;20100304;103711;8236.00000;2
SBRF-3.10;0;20100304;103711;8237.00000;5
SBRF-3.10;0;20100304;103711;8237.00000;1
SBRF-3.10;0;20100304;103711;8238.00000;1
SBRF-3.10;0;20100304;103711;8238.00000;3
SBRF-3.10;0;20100304;103711;8238.00000;13
SBRF-3.10;0;20100304;103711;8239.00000;20
SBRF-3.10;0;20100304;103711;8239.00000;1
SBRF-3.10;0;20100304;103711;8239.00000;44
SBRF-3.10;0;20100304;103711;8239.00000;1
SBRF-3.10;0;20100304;103711;8239.00000;2
SBRF-3.10;0;20100304;103711;8239.00000;10
SBRF-3.10;0;20100304;103711;8239.00000;5
SBRF-3.10;0;20100304;103711;8239.00000;1
SBRF-3.10;0;20100304;103711;8240.00000;4
SBRF-3.10;0;20100304;103711;8240.00000;2
SBRF-3.10;0;20100304;103711;8239.00000;11
SBRF-3.10;0;20100304;103712;8239.00000;11
SBRF-3.10;0;20100304;103712;8240.00000;1
SBRF-3.10;0;20100304;103713;8239.00000;5
SBRF-3.10;0;20100304;103713;8239.00000;11
SBRF-3.10;0;20100304;103713;8240.00000;5
SBRF-3.10;0;20100304;103713;8239.00000;2
SBRF-3.10;0;20100304;103713;8239.00000;16
SBRF-3.10;0;20100304;103713;8239.00000;2
SBRF-3.10;0;20100304;103713;8240.00000;14
SBRF-3.10;0;20100304;103715;8240.00000;2
SBRF-3.10;0;20100304;103716;8238.00000;30
SBRF-3.10;0;20100304;103716;8240.00000;15
SBRF-3.10;0;20100304;103717;8239.00000;4
SBRF-3.10;0;20100304;103720;8238.00000;5
SBRF-3.10;0;20100304;103720;8239.00000;5
SBRF-3.10;0;20100304;103720;8240.00000;39
SBRF-3.10;0;20100304;103720;8240.00000;1
SBRF-3.10;0;20100304;103721;8240.00000;10
SBRF-3.10;0;20100304;103721;8238.00000;1
SBRF-3.10;0;20100304;103722;8239.00000;5
SBRF-3.10;0;20100304;103722;8239.00000;12
SBRF-3.10;0;20100304;103723;8239.00000;12
SBRF-3.10;0;20100304;103723;8239.00000;5
SBRF-3.10;0;20100304;103724;8239.00000;66
SBRF-3.10;0;20100304;103724;8239.00000;5
SBRF-3.10;0;20100304;103724;8240.00000;57
SBRF-3.10;0;20100304;103724;8240.00000;8
SBRF-3.10;0;20100304;103724;8240.00000;1
SBRF-3.10;0;20100304;103724;8240.00000;1
SBRF-3.10;0;20100304;103724;8240.00000;2
SBRF-3.10;0;20100304;103724;8240.00000;31
SBRF-3.10;0;20100304;103725;8240.00000;4
SBRF-3.10;0;20100304;103725;8240.00000;20
SBRF-3.10;0;20100304;103725;8239.00000;4
SBRF-3.10;0;20100304;103725;8240.00000;18
SBRF-3.10;0;20100304;103725;8240.00000;2
SBRF-3.10;0;20100304;103726;8240.00000;3
SBRF-3.10;0;20100304;103726;8240.00000;10
SBRF-3.10;0;20100304;103726;8240.00000;1
SBRF-3.10;0;20100304;103728;8240.00000;30
SBRF-3.10;0;20100304;103728;8240.00000;10
SBRF-3.10;0;20100304;103730;8239.00000;1
SBRF-3.10;0;20100304;103731;8240.00000;20
SBRF-3.10;0;20100304;103731;8239.00000;4
SBRF-3.10;0;20100304;103731;8239.00000;6
SBRF-3.10;0;20100304;103731;8240.00000;11
SBRF-3.10;0;20100304;103731;8240.00000;3
SBRF-3.10;0;20100304;103731;8240.00000;6
SBRF-3.10;0;20100304;103731;8240.00000;21
SBRF-3.10;0;20100304;103731;8240.00000;4
SBRF-3.10;0;20100304;103733;8241.00000;1
SBRF-3.10;0;20100304;103733;8241.00000;4
SBRF-3.10;0;20100304;103734;8241.00000;2
SBRF-3.10;0;20100304;103734;8241.00000;2
SBRF-3.10;0;20100304;103734;8241.00000;12
SBRF-3.10;0;20100304;103735;8241.00000;20
SBRF-3.10;0;20100304;103735;8241.00000;8
SBRF-3.10;0;20100304;103735;8241.00000;1
SBRF-3.10;0;20100304;103736;8242.00000;5
SBRF-3.10;0;20100304;103737;8244.00000;2
SBRF-3.10;0;20100304;103737;8244.00000;20
SBRF-3.10;0;20100304;103737;8244.00000;2
SBRF-3.10;0;20100304;103737;8244.00000;5
SBRF-3.10;0;20100304;103737;8245.00000;5
SBRF-3.10;0;20100304;103737;8244.00000;1
SBRF-3.10;0;20100304;103738;8245.00000;55
SBRF-3.10;0;20100304;103738;8246.00000;2
SBRF-3.10;0;20100304;103738;8246.00000;1
SBRF-3.10;0;20100304;103738;8247.00000;2
SBRF-3.10;0;20100304;103738;8247.00000;1
SBRF-3.10;0;20100304;103738;8247.00000;5
SBRF-3.10;0;20100304;103738;8246.00000;1
SBRF-3.10;0;20100304;103739;8246.00000;1
SBRF-3.10;0;20100304;103739;8246.00000;1
SBRF-3.10;0;20100304;103740;8246.00000;1
SBRF-3.10;0;20100304;103740;8246.00000;2
SBRF-3.10;0;20100304;103742;8246.00000;1
SBRF-3.10;0;20100304;103742;8246.00000;3
SBRF-3.10;0;20100304;103743;8246.00000;5
SBRF-3.10;0;20100304;103743;8246.00000;5
SBRF-3.10;0;20100304;103743;8246.00000;5
SBRF-3.10;0;20100304;103743;8246.00000;4
SBRF-3.10;0;20100304;103744;8246.00000;1
SBRF-3.10;0;20100304;103744;8247.00000;2
SBRF-3.10;0;20100304;103744;8247.00000;1
SBRF-3.10;0;20100304;103744;8247.00000;4
SBRF-3.10;0;20100304;103744;8247.00000;1
SBRF-3.10;0;20100304;103744;8247.00000;4
SBRF-3.10;0;20100304;103745;8246.00000;3
SBRF-3.10;0;20100304;103745;8247.00000;3
SBRF-3.10;0;20100304;103745;8247.00000;8
SBRF-3.10;0;20100304;103745;8248.00000;2
SBRF-3.10;0;20100304;103745;8248.00000;2
SBRF-3.10;0;20100304;103745;8248.00000;9
SBRF-3.10;0;20100304;103745;8249.00000;1
SBRF-3.10;0;20100304;103745;8246.00000;5
SBRF-3.10;0;20100304;103745;8246.00000;2
SBRF-3.10;0;20100304;103746;8247.00000;5
SBRF-3.10;0;20100304;103746;8249.00000;1
SBRF-3.10;0;20100304;103746;8249.00000;1
SBRF-3.10;0;20100304;103746;8249.00000;1
SBRF-3.10;0;20100304;103746;8249.00000;1
SBRF-3.10;0;20100304;103746;8249.00000;1
SBRF-3.10;0;20100304;103746;8249.00000;3
SBRF-3.10;0;20100304;103746;8246.00000;1
SBRF-3.10;0;20100304;103746;8247.00000;1
SBRF-3.10;0;20100304;103748;8247.00000;1
SBRF-3.10;0;20100304;103748;8249.00000;1
SBRF-3.10;0;20100304;103748;8248.00000;2
SBRF-3.10;0;20100304;103749;8249.00000;1
SBRF-3.10;0;20100304;103749;8249.00000;5
SBRF-3.10;0;20100304;103749;8249.00000;14
SBRF-3.10;0;20100304;103750;8249.00000;1
SBRF-3.10;0;20100304;103750;8249.00000;1
SBRF-3.10;0;20100304;103750;8250.00000;1
SBRF-3.10;0;20100304;103750;8250.00000;1
SBRF-3.10;0;20100304;103750;8250.00000;38
SBRF-3.10;0;20100304;103750;8250.00000;80
SBRF-3.10;0;20100304;103751;8249.00000;8
SBRF-3.10;0;20100304;103751;8249.00000;10
SBRF-3.10;0;20100304;103751;8249.00000;80
SBRF-3.10;0;20100304;103751;8249.00000;2
SBRF-3.10;0;20100304;103751;8249.00000;5
SBRF-3.10;0;20100304;103751;8250.00000;13
SBRF-3.10;0;20100304;103751;8249.00000;2
SBRF-3.10;0;20100304;103751;8250.00000;5
SBRF-3.10;0;20100304;103751;8249.00000;3
SBRF-3.10;0;20100304;103752;8249.00000;5
SBRF-3.10;0;20100304;103753;8248.00000;1
SBRF-3.10;0;20100304;103753;8249.00000;7
SBRF-3.10;0;20100304;103753;8249.00000;4
SBRF-3.10;0;20100304;103753;8249.00000;1
SBRF-3.10;0;20100304;103753;8250.00000;2
SBRF-3.10;0;20100304;103755;8249.00000;20
SBRF-3.10;0;20100304;103755;8249.00000;1
SBRF-3.10;0;20100304;103755;8250.00000;112
SBRF-3.10;0;20100304;103755;8250.00000;2
SBRF-3.10;0;20100304;103755;8250.00000;2
SBRF-3.10;0;20100304;103755;8250.00000;8
SBRF-3.10;0;20100304;103755;8250.00000;15
SBRF-3.10;0;20100304;103755;8250.00000;4
SBRF-3.10;0;20100304;103755;8250.00000;5
SBRF-3.10;0;20100304;103755;8250.00000;10
SBRF-3.10;0;20100304;103755;8250.00000;22
SBRF-3.10;0;20100304;103755;8250.00000;1
SBRF-3.10;0;20100304;103755;8250.00000;178
SBRF-3.10;0;20100304;103755;8250.00000;80
SBRF-3.10;0;20100304;103755;8250.00000;58
SBRF-3.10;0;20100304;103755;8250.00000;100
SBRF-3.10;0;20100304;103755;8249.00000;1
SBRF-3.10;0;20100304;103756;8250.00000;3
SBRF-3.10;0;20100304;103757;8249.00000;2
SBRF-3.10;0;20100304;103758;8249.00000;1
SBRF-3.10;0;20100304;103759;8250.00000;4
SBRF-3.10;0;20100304;103759;8249.00000;1
SBRF-3.10;0;20100304;103759;8249.00000;1
SBRF-3.10;0;20100304;103759;8249.00000;5
SBRF-3.10;0;20100304;103800;8247.00000;4
SBRF-3.10;0;20100304;103800;8249.00000;1
SBRF-3.10;0;20100304;103800;8249.00000;4
SBRF-3.10;0;20100304;103801;8247.00000;10
SBRF-3.10;0;20100304;103801;8247.00000;1
SBRF-3.10;0;20100304;103801;8249.00000;1
SBRF-3.10;0;20100304;103802;8246.00000;1
SBRF-3.10;0;20100304;103802;8245.00000;4
SBRF-3.10;0;20100304;103804;8245.00000;1
SBRF-3.10;0;20100304;103804;8245.00000;5
SBRF-3.10;0;20100304;103804;8245.00000;6
SBRF-3.10;0;20100304;103804;8245.00000;4
SBRF-3.10;0;20100304;103804;8245.00000;6
SBRF-3.10;0;20100304;103804;8245.00000;2
SBRF-3.10;0;20100304;103805;8242.00000;3
SBRF-3.10;0;20100304;103805;8243.00000;4
SBRF-3.10;0;20100304;103805;8243.00000;15
SBRF-3.10;0;20100304;103806;8242.00000;2
SBRF-3.10;0;20100304;103806;8241.00000;1
SBRF-3.10;0;20100304;103806;8241.00000;16
SBRF-3.10;0;20100304;103806;8240.00000;1
SBRF-3.10;0;20100304;103806;8240.00000;10
SBRF-3.10;0;20100304;103806;8240.00000;30
SBRF-3.10;0;20100304;103806;8240.00000;30
SBRF-3.10;0;20100304;103806;8240.00000;2
SBRF-3.10;0;20100304;103806;8239.00000;8
SBRF-3.10;0;20100304;103806;8239.00000;1
SBRF-3.10;0;20100304;103807;8240.00000;10
SBRF-3.10;0;20100304;103807;8240.00000;40
SBRF-3.10;0;20100304;103807;8239.00000;1
SBRF-3.10;0;20100304;103807;8240.00000;10
SBRF-3.10;0;20100304;103807;8240.00000;24
SBRF-3.10;0;20100304;103807;8241.00000;16
SBRF-3.10;0;20100304;103807;8238.00000;2
SBRF-3.10;0;20100304;103807;8241.00000;2
SBRF-3.10;0;20100304;103807;8240.00000;41
SBRF-3.10;0;20100304;103807;8240.00000;5
SBRF-3.10;0;20100304;103808;8241.00000;3
SBRF-3.10;0;20100304;103808;8241.00000;3
SBRF-3.10;0;20100304;103808;8240.00000;2
SBRF-3.10;0;20100304;103809;8240.00000;4
SBRF-3.10;0;20100304;103809;8240.00000;22
SBRF-3.10;0;20100304;103809;8240.00000;5
SBRF-3.10;0;20100304;103810;8242.00000;1
SBRF-3.10;0;20100304;103811;8239.00000;3
SBRF-3.10;0;20100304;103811;8238.00000;2
SBRF-3.10;0;20100304;103811;8238.00000;6
SBRF-3.10;0;20100304;103813;8240.00000;1
SBRF-3.10;0;20100304;103813;8242.00000;3
SBRF-3.10;0;20100304;103815;8242.00000;1
SBRF-3.10;0;20100304;103815;8243.00000;1
SBRF-3.10;0;20100304;103815;8243.00000;2
SBRF-3.10;0;20100304;103815;8243.00000;1
SBRF-3.10;0;20100304;103815;8244.00000;1
SBRF-3.10;0;20100304;103815;8244.00000;8
SBRF-3.10;0;20100304;103817;8240.00000;1
SBRF-3.10;0;20100304;103817;8243.00000;2
SBRF-3.10;0;20100304;103817;8243.00000;14
SBRF-3.10;0;20100304;103817;8244.00000;34
SBRF-3.10;0;20100304;103819;8241.00000;2
SBRF-3.10;0;20100304;103819;8240.00000;2
SBRF-3.10;0;20100304;103819;8242.00000;2
SBRF-3.10;0;20100304;103820;8243.00000;3
SBRF-3.10;0;20100304;103822;8240.00000;9
SBRF-3.10;0;20100304;103822;8240.00000;2
SBRF-3.10;0;20100304;103822;8240.00000;300
SBRF-3.10;0;20100304;103823;8240.00000;18
SBRF-3.10;0;20100304;103825;8239.00000;2
SBRF-3.10;0;20100304;103826;8240.00000;10
SBRF-3.10;0;20100304;103826;8240.00000;4
SBRF-3.10;0;20100304;103826;8240.00000;1
SBRF-3.10;0;20100304;103826;8239.00000;30
SBRF-3.10;0;20100304;103826;8240.00000;10
SBRF-3.10;0;20100304;103826;8239.00000;7
SBRF-3.10;0;20100304;103826;8240.00000;40
SBRF-3.10;0;20100304;103827;8240.00000;100
SBRF-3.10;0;20100304;103827;8240.00000;5
SBRF-3.10;0;20100304;103827;8240.00000;1
SBRF-3.10;0;20100304;103827;8240.00000;1
SBRF-3.10;0;20100304;103827;8240.00000;3
SBRF-3.10;0;20100304;103827;8240.00000;7
SBRF-3.10;0;20100304;103827;8240.00000;2
SBRF-3.10;0;20100304;103827;8239.00000;1
SBRF-3.10;0;20100304;103827;8239.00000;10
SBRF-3.10;0;20100304;103827;8241.00000;4
SBRF-3.10;0;20100304;103828;8242.00000;1
SBRF-3.10;0;20100304;103828;8242.00000;1
SBRF-3.10;0;20100304;103828;8243.00000;2
SBRF-3.10;0;20100304;103828;8242.00000;1
SBRF-3.10;0;20100304;103828;8243.00000;1
SBRF-3.10;0;20100304;103828;8242.00000;1
SBRF-3.10;0;20100304;103830;8242.00000;2
SBRF-3.10;0;20100304;103832;8242.00000;1
SBRF-3.10;0;20100304;103834;8240.00000;25
SBRF-3.10;0;20100304;103836;8240.00000;50
SBRF-3.10;0;20100304;103836;8240.00000;12
SBRF-3.10;0;20100304;103836;8239.00000;1
SBRF-3.10;0;20100304;103836;8240.00000;10
SBRF-3.10;0;20100304;103837;8236.00000;2
SBRF-3.10;0;20100304;103837;8236.00000;1
SBRF-3.10;0;20100304;103845;8239.00000;1
SBRF-3.10;0;20100304;103850;8238.00000;2
SBRF-3.10;0;20100304;103851;8238.00000;1
SBRF-3.10;0;20100304;103851;8237.00000;20
SBRF-3.10;0;20100304;103852;8235.00000;1
SBRF-3.10;0;20100304;103853;8235.00000;1
SBRF-3.10;0;20100304;103854;8235.00000;1
SBRF-3.10;0;20100304;103854;8235.00000;2
SBRF-3.10;0;20100304;103855;8235.00000;1
SBRF-3.10;0;20100304;103855;8235.00000;3
SBRF-3.10;0;20100304;103855;8235.00000;1
SBRF-3.10;0;20100304;103855;8235.00000;2
SBRF-3.10;0;20100304;103855;8235.00000;1
SBRF-3.10;0;20100304;103855;8235.00000;1
SBRF-3.10;0;20100304;103855;8235.00000;2
SBRF-3.10;0;20100304;103855;8235.00000;5
SBRF-3.10;0;20100304;103855;8235.00000;10
SBRF-3.10;0;20100304;103855;8235.00000;1
SBRF-3.10;0;20100304;103855;8235.00000;1
SBRF-3.10;0;20100304;103856;8236.00000;1
SBRF-3.10;0;20100304;103856;8236.00000;4
SBRF-3.10;0;20100304;103856;8233.00000;2
SBRF-3.10;0;20100304;103856;8235.00000;4
SBRF-3.10;0;20100304;103856;8234.00000;2
SBRF-3.10;0;20100304;103856;8233.00000;8
SBRF-3.10;0;20100304;103857;8233.00000;3
SBRF-3.10;0;20100304;103857;8233.00000;10
SBRF-3.10;0;20100304;103900;8233.00000;4
SBRF-3.10;0;20100304;103900;8233.00000;4
SBRF-3.10;0;20100304;103900;8235.00000;6
SBRF-3.10;0;20100304;103900;8235.00000;1
SBRF-3.10;0;20100304;103900;8236.00000;11
SBRF-3.10;0;20100304;103901;8232.00000;1
SBRF-3.10;0;20100304;103901;8232.00000;1
SBRF-3.10;0;20100304;103901;8234.00000;4
SBRF-3.10;0;20100304;103901;8236.00000;3
SBRF-3.10;0;20100304;103901;8236.00000;7
SBRF-3.10;0;20100304;103902;8233.00000;1
SBRF-3.10;0;20100304;103903;8233.00000;11
SBRF-3.10;0;20100304;103903;8233.00000;5
SBRF-3.10;0;20100304;103907;8233.00000;1
SBRF-3.10;0;20100304;103909;8232.00000;1
SBRF-3.10;0;20100304;103909;8232.00000;4
SBRF-3.10;0;20100304;103909;8233.00000;2
SBRF-3.10;0;20100304;103910;8234.00000;2
SBRF-3.10;0;20100304;103911;8234.00000;1
SBRF-3.10;0;20100304;103914;8235.00000;1
SBRF-3.10;0;20100304;103914;8236.00000;1
SBRF-3.10;0;20100304;103915;8236.00000;1
SBRF-3.10;0;20100304;103916;8235.00000;1
SBRF-3.10;0;20100304;103917;8236.00000;14
SBRF-3.10;0;20100304;103920;8235.00000;5
SBRF-3.10;0;20100304;103921;8236.00000;2
SBRF-3.10;0;20100304;103921;8235.00000;1
SBRF-3.10;0;20100304;103921;8235.00000;1
SBRF-3.10;0;20100304;103923;8235.00000;3
SBRF-3.10;0;20100304;103923;8234.00000;2
SBRF-3.10;0;20100304;103924;8234.00000;1
SBRF-3.10;0;20100304;103927;8234.00000;1
SBRF-3.10;0;20100304;103927;8235.00000;5
SBRF-3.10;0;20100304;103927;8236.00000;9
SBRF-3.10;0;20100304;103927;8234.00000;2
SBRF-3.10;0;20100304;103929;8234.00000;2
SBRF-3.10;0;20100304;103930;8235.00000;3
SBRF-3.10;0;20100304;103930;8235.00000;1
SBRF-3.10;0;20100304;103930;8236.00000;13
SBRF-3.10;0;20100304;103930;8236.00000;76
SBRF-3.10;0;20100304;103930;8237.00000;226
SBRF-3.10;0;20100304;103930;8237.00000;40
SBRF-3.10;0;20100304;103930;8237.00000;10
SBRF-3.10;0;20100304;103930;8235.00000;1
SBRF-3.10;0;20100304;103931;8237.00000;100
SBRF-3.10;0;20100304;103931;8237.00000;40
SBRF-3.10;0;20100304;103932;8237.00000;6
SBRF-3.10;0;20100304;103932;8237.00000;58
SBRF-3.10;0;20100304;103932;8238.00000;1
SBRF-3.10;0;20100304;103933;8237.00000;6
SBRF-3.10;0;20100304;103933;8236.00000;2
SBRF-3.10;0;20100304;103933;8236.00000;2
SBRF-3.10;0;20100304;103933;8235.00000;1
SBRF-3.10;0;20100304;103937;8235.00000;1
SBRF-3.10;0;20100304;103940;8237.00000;32
SBRF-3.10;0;20100304;103940;8237.00000;4
SBRF-3.10;0;20100304;103941;8236.00000;1
SBRF-3.10;0;20100304;103941;8236.00000;2
SBRF-3.10;0;20100304;103943;8236.00000;8
SBRF-3.10;0;20100304;103943;8235.00000;1
SBRF-3.10;0;20100304;103943;8235.00000;4
SBRF-3.10;0;20100304;103943;8235.00000;14
SBRF-3.10;0;20100304;103943;8235.00000;1
SBRF-3.10;0;20100304;103943;8235.00000;1
SBRF-3.10;0;20100304;103944;8234.00000;1
SBRF-3.10;0;20100304;103945;8234.00000;1
SBRF-3.10;0;20100304;103948;8234.00000;7
SBRF-3.10;0;20100304;103948;8234.00000;5
SBRF-3.10;0;20100304;103949;8234.00000;1
SBRF-3.10;0;20100304;103949;8234.00000;6
SBRF-3.10;0;20100304;103949;8234.00000;1
SBRF-3.10;0;20100304;103949;8234.00000;2
SBRF-3.10;0;20100304;103949;8233.00000;1
SBRF-3.10;0;20100304;103949;8233.00000;10
SBRF-3.10;0;20100304;103949;8233.00000;2
SBRF-3.10;0;20100304;103949;8233.00000;5
SBRF-3.10;0;20100304;103950;8233.00000;1
SBRF-3.10;0;20100304;103951;8232.00000;4
SBRF-3.10;0;20100304;103953;8232.00000;2
SBRF-3.10;0;20100304;103953;8231.00000;1
SBRF-3.10;0;20100304;103953;8232.00000;8
SBRF-3.10;0;20100304;103956;8231.00000;2
SBRF-3.10;0;20100304;103958;8232.00000;12
SBRF-3.10;0;20100304;103958;8231.00000;2
SBRF-3.10;0;20100304;103959;8231.00000;1
SBRF-3.10;0;20100304;103959;8232.00000;28
SBRF-3.10;0;20100304;104000;8231.00000;4
SBRF-3.10;0;20100304;104001;8231.00000;1
SBRF-3.10;0;20100304;104002;8231.00000;9
SBRF-3.10;0;20100304;104002;8231.00000;1
SBRF-3.10;0;20100304;104002;8231.00000;10
SBRF-3.10;0;20100304;104002;8231.00000;13
SBRF-3.10;0;20100304;104002;8231.00000;5
SBRF-3.10;0;20100304;104002;8230.00000;162
SBRF-3.10;0;20100304;104002;8230.00000;10
SBRF-3.10;0;20100304;104003;8231.00000;31
SBRF-3.10;0;20100304;104003;8230.00000;16
SBRF-3.10;0;20100304;104006;8232.00000;5
SBRF-3.10;0;20100304;104006;8231.00000;5
SBRF-3.10;0;20100304;104006;8231.00000;3
SBRF-3.10;0;20100304;104007;8232.00000;1
SBRF-3.10;0;20100304;104010;8233.00000;2
SBRF-3.10;0;20100304;104010;8232.00000;1
SBRF-3.10;0;20100304;104010;8232.00000;2
SBRF-3.10;0;20100304;104011;8235.00000;12
SBRF-3.10;0;20100304;104011;8235.00000;1
SBRF-3.10;0;20100304;104011;8235.00000;4
SBRF-3.10;0;20100304;104011;8235.00000;3
SBRF-3.10;0;20100304;104011;8235.00000;6
SBRF-3.10;0;20100304;104011;8234.00000;2
SBRF-3.10;0;20100304;104011;8234.00000;4
SBRF-3.10;0;20100304;104012;8234.00000;2
SBRF-3.10;0;20100304;104012;8234.00000;7
SBRF-3.10;0;20100304;104012;8234.00000;11
SBRF-3.10;0;20100304;104012;8234.00000;1
SBRF-3.10;0;20100304;104012;8234.00000;12
SBRF-3.10;0;20100304;104012;8234.00000;7
SBRF-3.10;0;20100304;104012;8234.00000;12
SBRF-3.10;0;20100304;104012;8234.00000;5
SBRF-3.10;0;20100304;104012;8234.00000;5
SBRF-3.10;0;20100304;104012;8234.00000;4
SBRF-3.10;0;20100304;104012;8234.00000;3
SBRF-3.10;0;20100304;104013;8234.00000;2
SBRF-3.10;0;20100304;104014;8234.00000;3
SBRF-3.10;0;20100304;104014;8234.00000;3
SBRF-3.10;0;20100304;104014;8234.00000;3
SBRF-3.10;0;20100304;104014;8234.00000;2
SBRF-3.10;0;20100304;104015;8234.00000;2
SBRF-3.10;0;20100304;104019;8235.00000;3
SBRF-3.10;0;20100304;104019;8235.00000;2
SBRF-3.10;0;20100304;104019;8235.00000;9
SBRF-3.10;0;20100304;104020;8235.00000;21
SBRF-3.10;0;20100304;104020;8235.00000;51
SBRF-3.10;0;20100304;104020;8235.00000;5
SBRF-3.10;0;20100304;104020;8235.00000;13
SBRF-3.10;0;20100304;104020;8235.00000;2
SBRF-3.10;0;20100304;104020;8235.00000;1
SBRF-3.10;0;20100304;104021;8235.00000;2
SBRF-3.10;0;20100304;104021;8235.00000;2
SBRF-3.10;0;20100304;104021;8235.00000;12
SBRF-3.10;0;20100304;104021;8235.00000;2
SBRF-3.10;0;20100304;104021;8235.00000;11
SBRF-3.10;0;20100304;104022;8235.00000;4
SBRF-3.10;0;20100304;104022;8235.00000;30
SBRF-3.10;0;20100304;104022;8235.00000;2
SBRF-3.10;0;20100304;104022;8235.00000;3
SBRF-3.10;0;20100304;104022;8235.00000;7
SBRF-3.10;0;20100304;104022;8234.00000;4
SBRF-3.10;0;20100304;104022;8235.00000;11
SBRF-3.10;0;20100304;104022;8235.00000;1
SBRF-3.10;0;20100304;104022;8235.00000;3
SBRF-3.10;0;20100304;104024;8235.00000;1
SBRF-3.10;0;20100304;104025;8235.00000;6
SBRF-3.10;0;20100304;104025;8235.00000;2
SBRF-3.10;0;20100304;104025;8235.00000;3
SBRF-3.10;0;20100304;104025;8235.00000;2
SBRF-3.10;0;20100304;104025;8235.00000;3
SBRF-3.10;0;20100304;104025;8235.00000;2
SBRF-3.10;0;20100304;104025;8235.00000;2
SBRF-3.10;0;20100304;104025;8235.00000;3
SBRF-3.10;0;20100304;104025;8235.00000;3
SBRF-3.10;0;20100304;104025;8235.00000;2
SBRF-3.10;0;20100304;104025;8235.00000;3
SBRF-3.10;0;20100304;104025;8234.00000;1
SBRF-3.10;0;20100304;104025;8234.00000;1
SBRF-3.10;0;20100304;104025;8234.00000;1
SBRF-3.10;0;20100304;104025;8232.00000;2
SBRF-3.10;0;20100304;104029;8233.00000;20
SBRF-3.10;0;20100304;104029;8232.00000;20
SBRF-3.10;0;20100304;104031;8234.00000;3
SBRF-3.10;0;20100304;104031;8234.00000;7
SBRF-3.10;0;20100304;104031;8236.00000;5
SBRF-3.10;0;20100304;104031;8236.00000;2
SBRF-3.10;0;20100304;104032;8233.00000;9
SBRF-3.10;0;20100304;104032;8232.00000;1
SBRF-3.10;0;20100304;104034;8234.00000;1
SBRF-3.10;0;20100304;104037;8235.00000;5
SBRF-3.10;0;20100304;104037;8235.00000;4
SBRF-3.10;0;20100304;104038;8233.00000;22
SBRF-3.10;0;20100304;104041;8235.00000;1
SBRF-3.10;0;20100304;104041;8235.00000;13
SBRF-3.10;0;20100304;104046;8234.00000;1
SBRF-3.10;0;20100304;104046;8235.00000;13
SBRF-3.10;0;20100304;104047;8233.00000;20
SBRF-3.10;0;20100304;104049;8235.00000;5
SBRF-3.10;0;20100304;104049;8235.00000;5
SBRF-3.10;0;20100304;104049;8235.00000;22
SBRF-3.10;0;20100304;104049;8235.00000;42
SBRF-3.10;0;20100304;104050;8236.00000;1
SBRF-3.10;0;20100304;104052;8237.00000;9
SBRF-3.10;0;20100304;104052;8238.00000;5
SBRF-3.10;0;20100304;104052;8237.00000;1
SBRF-3.10;0;20100304;104056;8236.00000;9
SBRF-3.10;0;20100304;104056;8236.00000;1
SBRF-3.10;0;20100304;104056;8237.00000;13
SBRF-3.10;0;20100304;104058;8236.00000;1
SBRF-3.10;0;20100304;104058;8237.00000;3
SBRF-3.10;0;20100304;104059;8236.00000;3
SBRF-3.10;0;20100304;104101;8235.00000;1
SBRF-3.10;0;20100304;104102;8235.00000;1
SBRF-3.10;0;20100304;104102;8235.00000;3
SBRF-3.10;0;20100304;104102;8235.00000;6
SBRF-3.10;0;20100304;104104;8236.00000;12
SBRF-3.10;0;20100304;104104;8238.00000;4
SBRF-3.10;0;20100304;104104;8238.00000;1
SBRF-3.10;0;20100304;104104;8238.00000;9
SBRF-3.10;0;20100304;104104;8235.00000;6
SBRF-3.10;0;20100304;104104;8235.00000;9
SBRF-3.10;0;20100304;104104;8235.00000;13
SBRF-3.10;0;20100304;104104;8235.00000;14
SBRF-3.10;0;20100304;104104;8235.00000;25
SBRF-3.10;0;20100304;104104;8235.00000;5
SBRF-3.10;0;20100304;104104;8235.00000;2
SBRF-3.10;0;20100304;104104;8235.00000;2
SBRF-3.10;0;20100304;104104;8235.00000;3
SBRF-3.10;0;20100304;104105;8237.00000;4
SBRF-3.10;0;20100304;104107;8235.00000;6
SBRF-3.10;0;20100304;104107;8235.00000;6
SBRF-3.10;0;20100304;104108;8236.00000;1
SBRF-3.10;0;20100304;104108;8235.00000;1
SBRF-3.10;0;20100304;104108;8234.00000;2
SBRF-3.10;0;20100304;104108;8234.00000;16
SBRF-3.10;0;20100304;104108;8233.00000;4
SBRF-3.10;0;20100304;104109;8238.00000;3
SBRF-3.10;0;20100304;104109;8238.00000;9
SBRF-3.10;0;20100304;104109;8238.00000;3
SBRF-3.10;0;20100304;104110;8239.00000;2
SBRF-3.10;0;20100304;104110;8239.00000;6
SBRF-3.10;0;20100304;104110;8239.00000;2
SBRF-3.10;0;20100304;104110;8239.00000;12
SBRF-3.10;0;20100304;104110;8238.00000;15
SBRF-3.10;0;20100304;104110;8238.00000;2
SBRF-3.10;0;20100304;104110;8238.00000;2
SBRF-3.10;0;20100304;104110;8238.00000;8
SBRF-3.10;0;20100304;104110;8238.00000;4
SBRF-3.10;0;20100304;104110;8238.00000;3
SBRF-3.10;0;20100304;104110;8238.00000;2
SBRF-3.10;0;20100304;104110;8238.00000;25
SBRF-3.10;0;20100304;104110;8239.00000;5
SBRF-3.10;0;20100304;104110;8239.00000;4
SBRF-3.10;0;20100304;104111;8238.00000;5
SBRF-3.10;0;20100304;104111;8238.00000;5
SBRF-3.10;0;20100304;104111;8238.00000;5
SBRF-3.10;0;20100304;104113;8237.00000;1
SBRF-3.10;0;20100304;104116;8237.00000;14
SBRF-3.10;0;20100304;104118;8236.00000;16
SBRF-3.10;0;20100304;104121;8237.00000;3
SBRF-3.10;0;20100304;104125;8236.00000;2
SBRF-3.10;0;20100304;104126;8236.00000;1
SBRF-3.10;0;20100304;104127;8235.00000;5
SBRF-3.10;0;20100304;104127;8235.00000;1
SBRF-3.10;0;20100304;104128;8232.00000;7
SBRF-3.10;0;20100304;104128;8232.00000;3
SBRF-3.10;0;20100304;104128;8232.00000;5
SBRF-3.10;0;20100304;104128;8232.00000;14
SBRF-3.10;0;20100304;104128;8232.00000;2
SBRF-3.10;0;20100304;104128;8232.00000;20
SBRF-3.10;0;20100304;104128;8232.00000;9
SBRF-3.10;0;20100304;104130;8235.00000;5
SBRF-3.10;0;20100304;104130;8232.00000;8
SBRF-3.10;0;20100304;104132;8236.00000;4
SBRF-3.10;0;20100304;104132;8236.00000;10
SBRF-3.10;0;20100304;104132;8232.00000;10
SBRF-3.10;0;20100304;104134;8235.00000;7
SBRF-3.10;0;20100304;104138;8235.00000;1
SBRF-3.10;0;20100304;104138;8233.00000;1
SBRF-3.10;0;20100304;104138;8232.00000;1
SBRF-3.10;0;20100304;104138;8232.00000;20
SBRF-3.10;0;20100304;104140;8232.00000;1
SBRF-3.10;0;20100304;104142;8235.00000;8
SBRF-3.10;0;20100304;104142;8236.00000;1
SBRF-3.10;0;20100304;104142;8236.00000;5
SBRF-3.10;0;20100304;104142;8232.00000;12
SBRF-3.10;0;20100304;104142;8232.00000;10
SBRF-3.10;0;20100304;104142;8232.00000;12
SBRF-3.10;0;20100304;104142;8232.00000;2
SBRF-3.10;0;20100304;104142;8231.00000;1
SBRF-3.10;0;20100304;104142;8231.00000;1
SBRF-3.10;0;20100304;104142;8231.00000;45
SBRF-3.10;0;20100304;104142;8232.00000;10
SBRF-3.10;0;20100304;104142;8231.00000;15
SBRF-3.10;0;20100304;104143;8232.00000;1
SBRF-3.10;0;20100304;104143;8231.00000;1
SBRF-3.10;0;20100304;104143;8231.00000;15
SBRF-3.10;0;20100304;104152;8231.00000;16
SBRF-3.10;0;20100304;104152;8230.00000;584
SBRF-3.10;0;20100304;104152;8234.00000;14
SBRF-3.10;0;20100304;104155;8230.00000;23
SBRF-3.10;0;20100304;104155;8230.00000;3
SBRF-3.10;0;20100304;104155;8230.00000;14
SBRF-3.10;0;20100304;104155;8230.00000;4
SBRF-3.10;0;20100304;104155;8230.00000;2
SBRF-3.10;0;20100304;104156;8230.00000;3
SBRF-3.10;0;20100304;104156;8230.00000;1
SBRF-3.10;0;20100304;104156;8230.00000;3
SBRF-3.10;0;20100304;104156;8230.00000;1
